Date,Time,BID_PRICE,ASK_PRICE,LTQ,OpenInterest
2025-10-31,09:15:00.000,861.1,862.25,1400.0,62003200.0
2025-10-31,09:15:01.000,861.85,862.9,15400.0,62003200.0
2025-10-31,09:15:02.000,861.85,862.9,15400.0,62003200.0
2025-10-31,09:15:03.000,862.3,863.9,23100.0,62003200.0
2025-10-31,09:15:04.000,863.0,864.2,23100.0,62003200.0
2025-10-31,09:15:05.000,863.0,864.2,23100.0,62003200.0
2025-10-31,09:15:06.000,864.2,865.2,32900.0,62003200.0
2025-10-31,09:15:07.000,864.2,864.75,32900.0,62003200.0
2025-10-31,09:15:08.000,864.3,864.75,32900.0,62003200.0
2025-10-31,09:15:09.000,864.45,865.2,33600.0,62003200.0
2025-10-31,09:15:10.000,864.55,865.25,33600.0,62003200.0
2025-10-31,09:15:11.000,864.4,864.95,33600.0,62003200.0
2025-10-31,09:15:12.000,863.65,864.35,37800.0,62003200.0
2025-10-31,09:15:13.000,863.6,864.35,37800.0,62003200.0
2025-10-31,09:15:14.000,863.2,864.2,39200.0,62003200.0
2025-10-31,09:15:15.000,862.35,863.2,47600.0,62003200.0
2025-10-31,09:15:16.000,862.15,863.0,49700.0,62003200.0
2025-10-31,09:15:17.000,862.2,862.85,49700.0,62003200.0
2025-10-31,09:15:18.000,862.2,862.85,49700.0,62003200.0
2025-10-31,09:15:19.000,862.2,862.65,49700.0,62003200.0
2025-10-31,09:15:20.000,862.1,862.55,50400.0,62003200.0
2025-10-31,09:15:21.000,862.05,862.3,50400.0,62003200.0
2025-10-31,09:15:22.000,862.05,862.3,50400.0,62003200.0
2025-10-31,09:15:23.000,862.05,862.55,51100.0,62003200.0
2025-10-31,09:15:24.000,862.1,862.6,51100.0,62003200.0
2025-10-31,09:15:25.000,862.05,862.6,52500.0,62003200.0
2025-10-31,09:15:26.000,862.05,862.65,52500.0,62003200.0
2025-10-31,09:15:27.000,862.0,862.45,54600.0,62003200.0
2025-10-31,09:15:28.000,862.0,862.5,54600.0,62003200.0
2025-10-31,09:15:29.000,862.05,862.6,54600.0,62003200.0
2025-10-31,09:15:30.000,862.1,862.6,55300.0,62003200.0
2025-10-31,09:15:31.000,862.1,862.65,55300.0,62003200.0
2025-10-31,09:15:32.000,862.1,862.5,55300.0,62003200.0
2025-10-31,09:15:33.000,862.1,862.8,60200.0,62003200.0
2025-10-31,09:15:34.000,862.1,862.65,60200.0,62003200.0
2025-10-31,09:15:35.000,862.1,862.65,60200.0,62003200.0
2025-10-31,09:15:36.000,862.1,862.65,60900.0,62003200.0
2025-10-31,09:15:37.000,862.2,862.8,61600.0,62017200.0
2025-10-31,09:15:38.000,862.25,863.05,62300.0,62017200.0
2025-10-31,09:15:39.000,862.25,862.95,62300.0,62017200.0
2025-10-31,09:15:40.000,862.7,863.25,62300.0,62017200.0
2025-10-31,09:15:41.000,862.65,863.15,62300.0,62017200.0
2025-10-31,09:15:42.000,862.65,863.15,62300.0,62017200.0
2025-10-31,09:15:43.000,862.65,863.15,62300.0,62017200.0
2025-10-31,09:15:44.000,862.65,863.05,62300.0,62017200.0
2025-10-31,09:15:45.000,862.65,863.05,62300.0,62017200.0
2025-10-31,09:15:46.000,862.3,863.05,63000.0,62017200.0
2025-10-31,09:15:47.000,862.8,863.15,63000.0,62017200.0
2025-10-31,09:15:48.000,862.8,863.3,63000.0,62017200.0
2025-10-31,09:15:49.000,862.8,863.3,63000.0,62017200.0
2025-10-31,09:15:50.000,862.8,863.3,63000.0,62017200.0
2025-10-31,09:15:51.000,862.8,863.4,63000.0,62017200.0
2025-10-31,09:15:52.000,862.8,863.35,63000.0,62017200.0
2025-10-31,09:15:53.000,862.8,863.35,63000.0,62017200.0
2025-10-31,09:15:54.000,862.2,862.9,65100.0,62017200.0
2025-10-31,09:15:55.000,862.25,863.05,65100.0,62017200.0
2025-10-31,09:15:56.000,862.3,863.05,65100.0,62017200.0
2025-10-31,09:15:57.000,862.3,863.05,65100.0,62017200.0
2025-10-31,09:15:58.000,862.3,862.95,65100.0,62017200.0
2025-10-31,09:15:59.000,862.25,862.85,65100.0,62017200.0
2025-10-31,09:16:00.000,862.25,862.9,65100.0,62017200.0
2025-10-31,09:16:01.000,862.25,862.85,65100.0,62017200.0
2025-10-31,09:16:02.000,862.1,862.75,65100.0,62017200.0
2025-10-31,09:16:03.000,862.1,862.75,67900.0,62017200.0
2025-10-31,09:16:04.000,862.3,862.75,68600.0,62017200.0
2025-10-31,09:16:05.000,862.3,862.75,68600.0,62017200.0
2025-10-31,09:16:06.000,862.55,863.0,72800.0,62017200.0
2025-10-31,09:16:07.000,862.45,863.0,72800.0,62017200.0
2025-10-31,09:16:08.000,862.45,863.0,72800.0,62017200.0
2025-10-31,09:16:09.000,862.3,862.95,72800.0,62017200.0
2025-10-31,09:16:10.000,862.5,862.9,72800.0,62017200.0
2025-10-31,09:16:11.000,862.5,862.9,72800.0,62017200.0
2025-10-31,09:16:12.000,862.55,863.0,73500.0,62017200.0
2025-10-31,09:16:13.000,862.5,862.95,73500.0,62017200.0
2025-10-31,09:16:14.000,862.1,862.55,75600.0,62017200.0
2025-10-31,09:16:15.000,862.1,862.55,76300.0,62017200.0
2025-10-31,09:16:16.000,862.1,862.55,76300.0,62017200.0
2025-10-31,09:16:17.000,862.1,862.55,76300.0,62017200.0
2025-10-31,09:16:18.000,862.0,862.25,79800.0,62017200.0
2025-10-31,09:16:19.000,862.0,862.25,82600.0,62017200.0
2025-10-31,09:16:20.000,861.7,862.15,84000.0,62017200.0
2025-10-31,09:16:21.000,861.5,862.0,84700.0,62017200.0
2025-10-31,09:16:22.000,861.7,862.05,87500.0,62017200.0
2025-10-31,09:16:23.000,861.7,862.05,87500.0,62017200.0
2025-10-31,09:16:24.000,862.0,862.35,87500.0,62017200.0
2025-10-31,09:16:25.000,861.9,862.35,88200.0,62017200.0
2025-10-31,09:16:26.000,861.8,862.25,88200.0,62017200.0
2025-10-31,09:16:27.000,861.8,862.25,88200.0,62017200.0
2025-10-31,09:16:28.000,861.45,861.95,90300.0,62017200.0
2025-10-31,09:16:29.000,861.4,861.8,90300.0,62017200.0
2025-10-31,09:16:30.000,861.3,861.65,90300.0,62017200.0
2025-10-31,09:16:31.000,861.35,861.8,91000.0,62017200.0
2025-10-31,09:16:32.000,861.35,861.8,93100.0,62017200.0
2025-10-31,09:16:33.000,861.6,861.95,93100.0,62017200.0
2025-10-31,09:16:34.000,861.6,861.95,93100.0,62017200.0
2025-10-31,09:16:35.000,861.6,862.0,93100.0,62017200.0
2025-10-31,09:16:36.000,861.6,861.95,93100.0,62017200.0
2025-10-31,09:16:37.000,861.6,861.95,93100.0,62017200.0
2025-10-31,09:16:38.000,861.6,861.8,93100.0,62017200.0
2025-10-31,09:16:39.000,861.2,861.75,93800.0,62017200.0
2025-10-31,09:16:40.000,860.65,861.0,95900.0,62017200.0
2025-10-31,09:16:41.000,860.65,861.0,98000.0,62017200.0
2025-10-31,09:16:42.000,860.55,860.95,98000.0,62017200.0
2025-10-31,09:16:43.000,860.55,860.85,98700.0,62017200.0
2025-10-31,09:16:44.000,860.55,860.85,98700.0,62017200.0
2025-10-31,09:16:45.000,860.55,860.85,98700.0,62017200.0
2025-10-31,09:16:46.000,860.55,860.8,98700.0,62017200.0
2025-10-31,09:16:47.000,861.4,861.95,109900.0,62017200.0
2025-10-31,09:16:48.000,861.2,861.65,110600.0,62017200.0
2025-10-31,09:16:49.000,861.0,861.4,110600.0,62017200.0
2025-10-31,09:16:50.000,860.65,861.0,111300.0,62017200.0
2025-10-31,09:16:51.000,860.3,860.65,114100.0,62017200.0
2025-10-31,09:16:52.000,860.3,860.65,114100.0,62017200.0
2025-10-31,09:16:53.000,860.25,860.55,114100.0,62017200.0
2025-10-31,09:16:54.000,860.95,861.4,121800.0,62017200.0
2025-10-31,09:16:55.000,861.0,861.4,122500.0,62017200.0
2025-10-31,09:16:56.000,860.75,861.2,123200.0,62017200.0
2025-10-31,09:16:57.000,861.0,861.55,123200.0,62017200.0
2025-10-31,09:16:58.000,861.1,861.7,123200.0,62017200.0
2025-10-31,09:16:59.000,861.3,861.75,123200.0,62017200.0
2025-10-31,09:17:00.000,861.25,861.75,123900.0,62017200.0
2025-10-31,09:17:01.000,861.2,861.6,123900.0,62017200.0
2025-10-31,09:17:02.000,860.85,861.3,124600.0,62017200.0
2025-10-31,09:17:03.000,861.2,861.7,124600.0,62017200.0
2025-10-31,09:17:04.000,861.0,861.5,124600.0,62017200.0
2025-10-31,09:17:05.000,860.8,861.3,125300.0,62017200.0
2025-10-31,09:17:06.000,860.7,861.2,126700.0,62017200.0
2025-10-31,09:17:07.000,860.7,861.15,126700.0,62017200.0
2025-10-31,09:17:08.000,860.85,861.3,127400.0,62017200.0
2025-10-31,09:17:09.000,860.8,861.3,127400.0,62017200.0
2025-10-31,09:17:10.000,860.7,861.3,127400.0,62017200.0
2025-10-31,09:17:11.000,860.7,861.3,127400.0,62017200.0
2025-10-31,09:17:12.000,860.8,861.1,129500.0,62017200.0
2025-10-31,09:17:13.000,860.65,861.2,136500.0,62017200.0
2025-10-31,09:17:14.000,860.55,860.9,137200.0,62017200.0
2025-10-31,09:17:15.000,860.1,860.5,138600.0,62017200.0
2025-10-31,09:17:16.000,860.1,860.45,139300.0,62017200.0
2025-10-31,09:17:17.000,860.15,860.45,139300.0,62017200.0
2025-10-31,09:17:18.000,860.3,860.75,139300.0,62017200.0
2025-10-31,09:17:19.000,860.4,860.85,144900.0,62017200.0
2025-10-31,09:17:20.000,860.3,860.7,144900.0,62017200.0
2025-10-31,09:17:21.000,860.5,860.75,145600.0,62017200.0
2025-10-31,09:17:22.000,860.1,860.55,146300.0,62017200.0
2025-10-31,09:17:23.000,860.1,860.55,146300.0,62017200.0
2025-10-31,09:17:24.000,860.1,860.55,149800.0,62017200.0
2025-10-31,09:17:25.000,860.15,860.55,149800.0,62017200.0
2025-10-31,09:17:26.000,860.15,860.65,150500.0,62017200.0
2025-10-31,09:17:27.000,860.15,860.5,150500.0,62017200.0
2025-10-31,09:17:28.000,860.15,860.5,150500.0,62017200.0
2025-10-31,09:17:29.000,859.7,860.1,167300.0,62017200.0
2025-10-31,09:17:30.000,859.7,860.1,168000.0,62017200.0
2025-10-31,09:17:31.000,859.7,860.05,168000.0,62017200.0
2025-10-31,09:17:32.000,859.8,860.2,170100.0,62017200.0
2025-10-31,09:17:33.000,859.65,860.0,170100.0,62017200.0
2025-10-31,09:17:34.000,859.6,860.0,170100.0,62017200.0
2025-10-31,09:17:35.000,859.6,860.0,170100.0,62017200.0
2025-10-31,09:17:36.000,859.55,859.95,170100.0,62017200.0
2025-10-31,09:17:37.000,859.45,859.95,170100.0,62017200.0
2025-10-31,09:17:38.000,859.45,859.9,170800.0,62017200.0
2025-10-31,09:17:39.000,859.45,859.9,170800.0,62017200.0
2025-10-31,09:17:40.000,859.35,859.85,170800.0,62017200.0
2025-10-31,09:17:41.000,859.4,859.8,170800.0,62017200.0
2025-10-31,09:17:42.000,859.35,859.8,170800.0,62017200.0
2025-10-31,09:17:43.000,858.5,858.7,187600.0,62017200.0
2025-10-31,09:17:44.000,858.25,858.45,190400.0,62017200.0
2025-10-31,09:17:45.000,858.25,858.5,190400.0,62017200.0
2025-10-31,09:17:46.000,858.3,858.5,190400.0,62017200.0
2025-10-31,09:17:47.000,858.5,858.95,191800.0,62017200.0
2025-10-31,09:17:48.000,858.45,858.9,192500.0,62017200.0
2025-10-31,09:17:49.000,858.5,858.9,192500.0,62017200.0
2025-10-31,09:17:50.000,858.35,858.75,193900.0,62017200.0
2025-10-31,09:17:51.000,858.3,858.7,194600.0,62017200.0
2025-10-31,09:17:52.000,858.0,858.45,199500.0,62017200.0
2025-10-31,09:17:53.000,858.1,858.55,200200.0,62017200.0
2025-10-31,09:17:54.000,858.1,858.55,200900.0,62017200.0
2025-10-31,09:17:55.000,857.55,857.9,207200.0,62017200.0
2025-10-31,09:17:56.000,857.5,857.95,207900.0,62017200.0
2025-10-31,09:17:57.000,857.5,857.9,209300.0,62017200.0
2025-10-31,09:17:58.000,857.6,858.0,210000.0,62017200.0
2025-10-31,09:17:59.000,857.6,858.0,210000.0,62017200.0
2025-10-31,09:18:00.000,857.65,858.1,210700.0,62017200.0
2025-10-31,09:18:01.000,857.5,857.8,211400.0,62017200.0
2025-10-31,09:18:02.000,857.55,857.8,211400.0,62017200.0
2025-10-31,09:18:03.000,857.55,857.8,211400.0,62017200.0
2025-10-31,09:18:04.000,857.8,858.25,213500.0,62017200.0
2025-10-31,09:18:05.000,857.95,858.4,214900.0,62017200.0
2025-10-31,09:18:06.000,858.0,858.5,214900.0,62017200.0
2025-10-31,09:18:07.000,858.1,858.6,215600.0,62017200.0
2025-10-31,09:18:08.000,857.95,858.35,215600.0,62017200.0
2025-10-31,09:18:09.000,857.75,858.25,215600.0,62017200.0
2025-10-31,09:18:10.000,857.75,858.15,215600.0,62017200.0
2025-10-31,09:18:11.000,858.0,858.25,215600.0,62017200.0
2025-10-31,09:18:12.000,858.05,858.45,215600.0,62017200.0
2025-10-31,09:18:13.000,858.05,858.45,215600.0,62017200.0
2025-10-31,09:18:14.000,858.35,858.85,215600.0,62017200.0
2025-10-31,09:18:15.000,858.45,858.85,216300.0,62017200.0
2025-10-31,09:18:16.000,858.3,858.7,216300.0,62017200.0
2025-10-31,09:18:17.000,858.3,858.6,216300.0,62017200.0
2025-10-31,09:18:18.000,858.3,858.75,217000.0,62017200.0
2025-10-31,09:18:19.000,858.3,858.65,217700.0,62017200.0
2025-10-31,09:18:20.000,858.0,858.3,220500.0,62017200.0
2025-10-31,09:18:21.000,857.65,858.05,224700.0,62017200.0
2025-10-31,09:18:22.000,857.75,858.1,226100.0,62017200.0
2025-10-31,09:18:23.000,857.8,858.2,226100.0,62017200.0
2025-10-31,09:18:24.000,857.7,858.0,226800.0,62017200.0
2025-10-31,09:18:25.000,857.65,857.95,226800.0,62017200.0
2025-10-31,09:18:26.000,857.65,857.95,226800.0,62017200.0
2025-10-31,09:18:27.000,857.85,858.35,235200.0,62017200.0
2025-10-31,09:18:28.000,858.2,858.7,235200.0,62017200.0
2025-10-31,09:18:29.000,858.2,858.65,235900.0,62017200.0
2025-10-31,09:18:30.000,858.2,858.65,235900.0,62017200.0
2025-10-31,09:18:31.000,858.2,858.5,237300.0,62017200.0
2025-10-31,09:18:32.000,858.1,858.45,238700.0,62017200.0
2025-10-31,09:18:33.000,858.1,858.25,238700.0,62017200.0
2025-10-31,09:18:34.000,858.0,858.25,240100.0,62017200.0
2025-10-31,09:18:35.000,858.0,858.3,240100.0,62017200.0
2025-10-31,09:18:36.000,858.05,858.35,241500.0,62017200.0
2025-10-31,09:18:37.000,857.65,857.95,247100.0,61982200.0
2025-10-31,09:18:38.000,857.6,857.95,247800.0,61982200.0
2025-10-31,09:18:39.000,857.6,857.9,247800.0,61982200.0
2025-10-31,09:18:40.000,857.6,857.85,247800.0,61982200.0
2025-10-31,09:18:41.000,857.6,857.9,247800.0,61982200.0
2025-10-31,09:18:42.000,857.65,857.9,247800.0,61982200.0
2025-10-31,09:18:43.000,857.25,857.75,258300.0,61982200.0
2025-10-31,09:18:44.000,857.25,857.75,258300.0,61982200.0
2025-10-31,09:18:45.000,857.5,857.85,258300.0,61982200.0
2025-10-31,09:18:46.000,857.55,857.8,258300.0,61982200.0
2025-10-31,09:18:47.000,857.75,858.0,261100.0,61982200.0
2025-10-31,09:18:48.000,857.9,858.4,263900.0,61982200.0
2025-10-31,09:18:49.000,857.9,858.4,263900.0,61982200.0
2025-10-31,09:18:50.000,858.0,858.45,263900.0,61982200.0
2025-10-31,09:18:51.000,857.85,858.3,264600.0,61982200.0
2025-10-31,09:18:52.000,857.8,858.3,264600.0,61982200.0
2025-10-31,09:18:53.000,857.8,858.3,264600.0,61982200.0
2025-10-31,09:18:54.000,857.8,858.3,265300.0,61982200.0
2025-10-31,09:18:55.000,857.8,858.25,266000.0,61982200.0
2025-10-31,09:18:56.000,857.9,858.25,266700.0,61982200.0
2025-10-31,09:18:57.000,857.9,858.2,266700.0,61982200.0
2025-10-31,09:18:58.000,857.9,858.15,266700.0,61982200.0
2025-10-31,09:18:59.000,858.0,858.15,266700.0,61982200.0
2025-10-31,09:19:00.000,857.9,858.05,268100.0,61982200.0
2025-10-31,09:19:01.000,858.15,858.55,272300.0,61982200.0
2025-10-31,09:19:02.000,857.9,858.05,272300.0,61982200.0
2025-10-31,09:19:03.000,857.9,858.1,273000.0,61982200.0
2025-10-31,09:19:04.000,858.05,858.4,277200.0,61982200.0
2025-10-31,09:19:05.000,858.0,858.55,277200.0,61982200.0
2025-10-31,09:19:06.000,858.05,858.3,277200.0,61982200.0
2025-10-31,09:19:07.000,858.35,858.7,282800.0,61982200.0
2025-10-31,09:19:08.000,858.1,858.5,282800.0,61982200.0
2025-10-31,09:19:09.000,858.1,858.55,282800.0,61982200.0
2025-10-31,09:19:10.000,857.9,858.3,285600.0,61982200.0
2025-10-31,09:19:11.000,857.6,858.1,286300.0,61982200.0
2025-10-31,09:19:12.000,857.7,858.1,287000.0,61982200.0
2025-10-31,09:19:13.000,857.7,858.05,287000.0,61982200.0
2025-10-31,09:19:14.000,857.75,858.05,287000.0,61982200.0
2025-10-31,09:19:15.000,857.95,858.3,291200.0,61982200.0
2025-10-31,09:19:16.000,857.85,858.3,291200.0,61982200.0
2025-10-31,09:19:17.000,858.1,858.3,291200.0,61982200.0
2025-10-31,09:19:18.000,858.05,858.3,291900.0,61982200.0
2025-10-31,09:19:19.000,858.3,858.65,307300.0,61982200.0
2025-10-31,09:19:20.000,858.2,858.65,307300.0,61982200.0
2025-10-31,09:19:21.000,858.1,858.55,307300.0,61982200.0
2025-10-31,09:19:22.000,858.05,858.45,307300.0,61982200.0
2025-10-31,09:19:23.000,858.05,858.45,307300.0,61982200.0
2025-10-31,09:19:24.000,858.1,858.45,307300.0,61982200.0
2025-10-31,09:19:25.000,858.15,858.6,308000.0,61982200.0
2025-10-31,09:19:26.000,858.3,858.6,308000.0,61982200.0
2025-10-31,09:19:27.000,858.3,858.6,308000.0,61982200.0
2025-10-31,09:19:28.000,858.3,858.6,308000.0,61982200.0
2025-10-31,09:19:29.000,858.45,858.7,312200.0,61982200.0
2025-10-31,09:19:30.000,858.45,858.7,312200.0,61982200.0
2025-10-31,09:19:31.000,858.45,858.7,312200.0,61982200.0
2025-10-31,09:19:32.000,858.45,858.8,314300.0,61982200.0
2025-10-31,09:19:33.000,858.45,858.8,314300.0,61982200.0
2025-10-31,09:19:34.000,858.55,858.8,314300.0,61982200.0
2025-10-31,09:19:35.000,858.7,859.0,315700.0,61982200.0
2025-10-31,09:19:36.000,858.7,859.0,315700.0,61982200.0
2025-10-31,09:19:37.000,858.7,859.0,315700.0,61982200.0
2025-10-31,09:19:38.000,858.7,859.0,315700.0,61982200.0
2025-10-31,09:19:39.000,858.55,858.95,316400.0,61982200.0
2025-10-31,09:19:40.000,858.5,858.95,316400.0,61982200.0
2025-10-31,09:19:41.000,858.45,858.85,316400.0,61982200.0
2025-10-31,09:19:42.000,858.5,858.9,316400.0,61982200.0
2025-10-31,09:19:43.000,858.6,858.9,316400.0,61982200.0
2025-10-31,09:19:44.000,858.8,859.0,317100.0,61982200.0
2025-10-31,09:19:45.000,858.8,859.0,317100.0,61982200.0
2025-10-31,09:19:46.000,858.25,858.7,324100.0,61982200.0
2025-10-31,09:19:47.000,858.25,858.7,324100.0,61982200.0
2025-10-31,09:19:48.000,858.35,858.8,324100.0,61982200.0
2025-10-31,09:19:49.000,858.25,858.75,324100.0,61982200.0
2025-10-31,09:19:50.000,858.4,858.75,324100.0,61982200.0
2025-10-31,09:19:51.000,858.45,858.75,324100.0,61982200.0
2025-10-31,09:19:52.000,858.5,858.8,325500.0,61982200.0
2025-10-31,09:19:53.000,858.3,858.75,325500.0,61982200.0
2025-10-31,09:19:54.000,858.35,858.75,325500.0,61982200.0
2025-10-31,09:19:55.000,858.5,858.7,325500.0,61982200.0
2025-10-31,09:19:56.000,858.35,858.7,326200.0,61982200.0
2025-10-31,09:19:57.000,858.25,858.5,327600.0,61982200.0
2025-10-31,09:19:58.000,858.25,858.45,328300.0,61982200.0
2025-10-31,09:19:59.000,858.05,858.45,349300.0,61982200.0
2025-10-31,09:20:00.000,858.05,858.45,349300.0,61982200.0
2025-10-31,09:20:01.000,858.0,858.25,349300.0,61982200.0
2025-10-31,09:20:02.000,858.05,858.4,349300.0,61982200.0
2025-10-31,09:20:03.000,858.05,858.4,349300.0,61982200.0
2025-10-31,09:20:04.000,858.05,858.35,350000.0,61982200.0
2025-10-31,09:20:05.000,858.05,858.35,350000.0,61982200.0
2025-10-31,09:20:06.000,858.05,858.35,350000.0,61982200.0
2025-10-31,09:20:07.000,858.1,858.4,350700.0,61982200.0
2025-10-31,09:20:08.000,858.15,858.65,354200.0,61982200.0
2025-10-31,09:20:09.000,858.1,858.45,355600.0,61982200.0
2025-10-31,09:20:10.000,858.1,858.4,355600.0,61982200.0
2025-10-31,09:20:11.000,858.2,858.6,356300.0,61982200.0
2025-10-31,09:20:12.000,858.1,858.5,356300.0,61982200.0
2025-10-31,09:20:13.000,858.1,858.45,356300.0,61982200.0
2025-10-31,09:20:14.000,858.1,858.45,356300.0,61982200.0
2025-10-31,09:20:15.000,858.1,858.45,357000.0,61982200.0
2025-10-31,09:20:16.000,858.1,858.35,357000.0,61982200.0
2025-10-31,09:20:17.000,858.15,858.4,357000.0,61982200.0
2025-10-31,09:20:18.000,858.15,858.4,357000.0,61982200.0
2025-10-31,09:20:19.000,858.15,858.4,357000.0,61982200.0
2025-10-31,09:20:20.000,858.2,858.7,357000.0,61982200.0
2025-10-31,09:20:21.000,858.3,858.7,357000.0,61982200.0
2025-10-31,09:20:22.000,858.3,858.8,357000.0,61982200.0
2025-10-31,09:20:23.000,858.3,858.65,357000.0,61982200.0
2025-10-31,09:20:24.000,858.25,858.6,357000.0,61982200.0
2025-10-31,09:20:25.000,858.1,858.5,357000.0,61982200.0
2025-10-31,09:20:26.000,857.85,858.25,359100.0,61982200.0
2025-10-31,09:20:27.000,857.85,858.15,359100.0,61982200.0
2025-10-31,09:20:28.000,857.85,858.15,359100.0,61982200.0
2025-10-31,09:20:29.000,857.85,858.15,359100.0,61982200.0
2025-10-31,09:20:30.000,857.85,858.1,359800.0,61982200.0
2025-10-31,09:20:31.000,857.85,858.15,359800.0,61982200.0
2025-10-31,09:20:32.000,857.6,857.85,361200.0,61982200.0
2025-10-31,09:20:33.000,857.6,857.85,361200.0,61982200.0
2025-10-31,09:20:34.000,856.65,857.0,413700.0,61982200.0
2025-10-31,09:20:35.000,856.1,856.4,422100.0,61982200.0
2025-10-31,09:20:36.000,856.0,856.3,424200.0,61982200.0
2025-10-31,09:20:37.000,855.6,855.8,448700.0,61982200.0
2025-10-31,09:20:38.000,855.25,855.65,453600.0,61982200.0
2025-10-31,09:20:39.000,855.65,855.8,455700.0,61982200.0
2025-10-31,09:20:40.000,855.5,855.8,456400.0,61982200.0
2025-10-31,09:20:41.000,855.25,855.6,461300.0,61982200.0
2025-10-31,09:20:42.000,855.25,855.55,462000.0,61982200.0
2025-10-31,09:20:43.000,855.25,855.55,462000.0,61982200.0
2025-10-31,09:20:44.000,855.25,855.55,462000.0,61982200.0
2025-10-31,09:20:45.000,855.25,855.55,462000.0,61982200.0
2025-10-31,09:20:46.000,855.25,855.5,462000.0,61982200.0
2025-10-31,09:20:47.000,855.1,855.35,466200.0,61982200.0
2025-10-31,09:20:48.000,855.1,855.45,467600.0,61982200.0
2025-10-31,09:20:49.000,855.1,855.3,467600.0,61982200.0
2025-10-31,09:20:50.000,855.1,855.3,467600.0,61982200.0
2025-10-31,09:20:51.000,855.1,855.35,467600.0,61982200.0
2025-10-31,09:20:52.000,855.1,855.4,470400.0,61982200.0
2025-10-31,09:20:53.000,855.1,855.4,470400.0,61982200.0
2025-10-31,09:20:54.000,855.1,855.35,470400.0,61982200.0
2025-10-31,09:20:55.000,855.05,855.35,475300.0,61982200.0
2025-10-31,09:20:56.000,855.1,855.2,478800.0,61982200.0
2025-10-31,09:20:57.000,855.1,855.35,478800.0,61982200.0
2025-10-31,09:20:58.000,854.5,854.95,545300.0,61982200.0
2025-10-31,09:20:59.000,854.25,854.65,555800.0,61982200.0
2025-10-31,09:21:00.000,854.55,854.85,558600.0,61982200.0
2025-10-31,09:21:01.000,854.5,854.9,562800.0,61982200.0
2025-10-31,09:21:02.000,854.5,854.9,563500.0,61982200.0
2025-10-31,09:21:03.000,854.5,854.8,563500.0,61982200.0
2025-10-31,09:21:04.000,854.5,854.8,563500.0,61982200.0
2025-10-31,09:21:05.000,854.5,854.8,563500.0,61982200.0
2025-10-31,09:21:06.000,854.35,854.8,566300.0,61982200.0
2025-10-31,09:21:07.000,854.8,855.05,569100.0,61982200.0
2025-10-31,09:21:08.000,854.9,855.05,569100.0,61982200.0
2025-10-31,09:21:09.000,855.05,855.4,571200.0,61982200.0
2025-10-31,09:21:10.000,855.05,855.45,575400.0,61982200.0
2025-10-31,09:21:11.000,854.55,854.95,576800.0,61982200.0
2025-10-31,09:21:12.000,854.65,855.05,576800.0,61982200.0
2025-10-31,09:21:13.000,854.8,855.2,576800.0,61982200.0
2025-10-31,09:21:14.000,855.0,855.35,577500.0,61982200.0
2025-10-31,09:21:15.000,855.3,855.7,581000.0,61982200.0
2025-10-31,09:21:16.000,855.65,856.0,581000.0,61982200.0
2025-10-31,09:21:17.000,855.65,856.0,581000.0,61982200.0
2025-10-31,09:21:18.000,855.15,855.5,589400.0,61982200.0
2025-10-31,09:21:19.000,855.2,855.6,590100.0,61982200.0
2025-10-31,09:21:20.000,855.05,855.45,597100.0,61982200.0
2025-10-31,09:21:21.000,855.55,855.95,598500.0,61982200.0
2025-10-31,09:21:22.000,855.55,855.95,598500.0,61982200.0
2025-10-31,09:21:23.000,855.2,855.75,605500.0,61982200.0
2025-10-31,09:21:24.000,855.5,856.0,606200.0,61982200.0
2025-10-31,09:21:25.000,855.4,855.9,613200.0,61982200.0
2025-10-31,09:21:26.000,855.5,855.9,613200.0,61982200.0
2025-10-31,09:21:27.000,855.55,856.0,613200.0,61982200.0
2025-10-31,09:21:28.000,855.35,855.8,620200.0,61982200.0
2025-10-31,09:21:29.000,855.25,855.65,620200.0,61982200.0
2025-10-31,09:21:30.000,855.1,855.55,620200.0,61982200.0
2025-10-31,09:21:31.000,854.9,855.3,627900.0,61982200.0
2025-10-31,09:21:32.000,854.9,855.3,627900.0,61982200.0
2025-10-31,09:21:33.000,854.15,854.5,632100.0,61982200.0
2025-10-31,09:21:34.000,854.15,854.6,633500.0,61982200.0
2025-10-31,09:21:35.000,854.25,854.7,633500.0,61982200.0
2025-10-31,09:21:36.000,854.45,854.85,636300.0,61982200.0
2025-10-31,09:21:37.000,854.85,855.4,639800.0,61861100.0
2025-10-31,09:21:38.000,854.85,855.4,639800.0,61861100.0
2025-10-31,09:21:39.000,854.75,855.2,640500.0,61861100.0
2025-10-31,09:21:40.000,854.9,855.05,640500.0,61861100.0
2025-10-31,09:21:41.000,855.0,855.3,641200.0,61861100.0
2025-10-31,09:21:42.000,855.2,855.65,641200.0,61861100.0
2025-10-31,09:21:43.000,855.2,855.65,641200.0,61861100.0
2025-10-31,09:21:44.000,854.35,855.0,650300.0,61861100.0
2025-10-31,09:21:45.000,854.7,854.75,650300.0,61861100.0
2025-10-31,09:21:46.000,854.7,854.9,650300.0,61861100.0
2025-10-31,09:21:47.000,855.3,855.75,674100.0,61861100.0
2025-10-31,09:21:48.000,855.2,855.7,674100.0,61861100.0
2025-10-31,09:21:49.000,855.2,855.7,674100.0,61861100.0
2025-10-31,09:21:50.000,855.4,855.9,676200.0,61861100.0
2025-10-31,09:21:51.000,855.3,855.7,676200.0,61861100.0
2025-10-31,09:21:52.000,855.3,855.65,676200.0,61861100.0
2025-10-31,09:21:53.000,855.3,855.65,676200.0,61861100.0
2025-10-31,09:21:54.000,855.3,855.4,676200.0,61861100.0
2025-10-31,09:21:55.000,855.3,855.75,676900.0,61861100.0
2025-10-31,09:21:56.000,855.2,855.65,678300.0,61861100.0
2025-10-31,09:21:57.000,855.5,855.8,678300.0,61861100.0
2025-10-31,09:21:58.000,855.5,855.8,678300.0,61861100.0
2025-10-31,09:21:59.000,855.5,855.8,678300.0,61861100.0
2025-10-31,09:22:00.000,855.5,855.8,678300.0,61861100.0
2025-10-31,09:22:01.000,855.55,855.85,679000.0,61861100.0
2025-10-31,09:22:02.000,855.55,855.85,679000.0,61861100.0
2025-10-31,09:22:03.000,855.95,856.4,685300.0,61861100.0
2025-10-31,09:22:04.000,855.95,856.35,685300.0,61861100.0
2025-10-31,09:22:05.000,855.95,856.35,686000.0,61861100.0
2025-10-31,09:22:06.000,855.85,856.3,686000.0,61861100.0
2025-10-31,09:22:07.000,856.3,856.75,686000.0,61861100.0
2025-10-31,09:22:08.000,856.25,856.6,686000.0,61861100.0
2025-10-31,09:22:09.000,856.25,856.65,686000.0,61861100.0
2025-10-31,09:22:10.000,856.4,856.6,686000.0,61861100.0
2025-10-31,09:22:11.000,856.3,856.6,686000.0,61861100.0
2025-10-31,09:22:12.000,856.3,856.5,686000.0,61861100.0
2025-10-31,09:22:13.000,856.3,856.5,686000.0,61861100.0
2025-10-31,09:22:14.000,856.1,856.5,686000.0,61861100.0
2025-10-31,09:22:15.000,856.1,856.5,686000.0,61861100.0
2025-10-31,09:22:16.000,856.1,856.45,688800.0,61861100.0
2025-10-31,09:22:17.000,856.55,857.0,702100.0,61861100.0
2025-10-31,09:22:18.000,856.75,856.95,703500.0,61861100.0
2025-10-31,09:22:19.000,856.75,856.95,703500.0,61861100.0
2025-10-31,09:22:20.000,856.75,856.95,703500.0,61861100.0
2025-10-31,09:22:21.000,856.55,856.85,703500.0,61861100.0
2025-10-31,09:22:22.000,856.55,856.85,703500.0,61861100.0
2025-10-31,09:22:23.000,856.55,856.95,704200.0,61861100.0
2025-10-31,09:22:24.000,856.5,856.95,704200.0,61861100.0
2025-10-31,09:22:25.000,856.5,856.95,704200.0,61861100.0
2025-10-31,09:22:26.000,856.55,856.95,704200.0,61861100.0
2025-10-31,09:22:27.000,856.3,856.85,705600.0,61861100.0
2025-10-31,09:22:28.000,856.6,856.95,705600.0,61861100.0
2025-10-31,09:22:29.000,856.6,856.9,705600.0,61861100.0
2025-10-31,09:22:30.000,856.6,856.9,706300.0,61861100.0
2025-10-31,09:22:31.000,856.6,856.95,707000.0,61861100.0
2025-10-31,09:22:32.000,856.6,856.95,707000.0,61861100.0
2025-10-31,09:22:33.000,856.6,856.95,707000.0,61861100.0
2025-10-31,09:22:34.000,856.6,857.1,707000.0,61861100.0
2025-10-31,09:22:35.000,856.6,857.1,707000.0,61861100.0
2025-10-31,09:22:36.000,856.6,857.1,707000.0,61861100.0
2025-10-31,09:22:37.000,856.6,857.1,707000.0,61861100.0
2025-10-31,09:22:38.000,856.6,857.1,707000.0,61861100.0
2025-10-31,09:22:39.000,856.55,856.9,707700.0,61861100.0
2025-10-31,09:22:40.000,856.7,856.9,707700.0,61861100.0
2025-10-31,09:22:41.000,857.0,857.3,710500.0,61861100.0
2025-10-31,09:22:42.000,857.0,857.3,710500.0,61861100.0
2025-10-31,09:22:43.000,857.05,857.3,710500.0,61861100.0
2025-10-31,09:22:44.000,857.05,857.3,710500.0,61861100.0
2025-10-31,09:22:45.000,857.05,857.3,710500.0,61861100.0
2025-10-31,09:22:46.000,857.05,857.3,710500.0,61861100.0
2025-10-31,09:22:47.000,857.0,857.45,717500.0,61861100.0
2025-10-31,09:22:48.000,857.0,857.35,717500.0,61861100.0
2025-10-31,09:22:49.000,856.85,857.4,718200.0,61861100.0
2025-10-31,09:22:50.000,856.85,857.4,718200.0,61861100.0
2025-10-31,09:22:51.000,856.7,857.3,718200.0,61861100.0
2025-10-31,09:22:52.000,856.8,857.3,718200.0,61861100.0
2025-10-31,09:22:53.000,856.6,857.2,718200.0,61861100.0
2025-10-31,09:22:54.000,856.85,857.15,721700.0,61861100.0
2025-10-31,09:22:55.000,856.5,857.0,721700.0,61861100.0
2025-10-31,09:22:56.000,856.7,856.95,722400.0,61861100.0
2025-10-31,09:22:57.000,856.45,856.85,722400.0,61861100.0
2025-10-31,09:22:58.000,856.45,856.85,722400.0,61861100.0
2025-10-31,09:22:59.000,856.5,856.95,723800.0,61861100.0
2025-10-31,09:23:00.000,856.5,857.05,724500.0,61861100.0
2025-10-31,09:23:01.000,856.4,856.95,724500.0,61861100.0
2025-10-31,09:23:02.000,856.45,856.95,724500.0,61861100.0
2025-10-31,09:23:03.000,856.6,857.1,724500.0,61861100.0
2025-10-31,09:23:04.000,856.6,857.1,724500.0,61861100.0
2025-10-31,09:23:05.000,856.6,857.05,724500.0,61861100.0
2025-10-31,09:23:06.000,856.65,857.2,724500.0,61861100.0
2025-10-31,09:23:07.000,856.75,857.3,724500.0,61861100.0
2025-10-31,09:23:08.000,856.85,857.3,724500.0,61861100.0
2025-10-31,09:23:09.000,856.9,857.25,724500.0,61861100.0
2025-10-31,09:23:10.000,857.3,857.5,724500.0,61861100.0
2025-10-31,09:23:11.000,857.3,857.5,724500.0,61861100.0
2025-10-31,09:23:12.000,856.85,857.25,725900.0,61861100.0
2025-10-31,09:23:13.000,857.0,857.25,725900.0,61861100.0
2025-10-31,09:23:14.000,857.2,857.5,728700.0,61861100.0
2025-10-31,09:23:15.000,857.2,857.5,728700.0,61861100.0
2025-10-31,09:23:16.000,857.1,857.5,731500.0,61861100.0
2025-10-31,09:23:17.000,857.1,857.5,731500.0,61861100.0
2025-10-31,09:23:18.000,857.1,857.5,731500.0,61861100.0
2025-10-31,09:23:19.000,857.0,857.45,732200.0,61861100.0
2025-10-31,09:23:20.000,857.0,857.35,732200.0,61861100.0
2025-10-31,09:23:21.000,857.0,857.35,733600.0,61861100.0
2025-10-31,09:23:22.000,857.0,857.35,733600.0,61861100.0
2025-10-31,09:23:23.000,856.9,857.3,733600.0,61861100.0
2025-10-31,09:23:24.000,857.0,857.2,734300.0,61861100.0
2025-10-31,09:23:25.000,856.9,857.2,734300.0,61861100.0
2025-10-31,09:23:26.000,857.25,857.5,737100.0,61861100.0
2025-10-31,09:23:27.000,857.25,857.5,737100.0,61861100.0
2025-10-31,09:23:28.000,857.45,857.5,737100.0,61861100.0
2025-10-31,09:23:29.000,857.45,857.5,737100.0,61861100.0
2025-10-31,09:23:30.000,857.45,857.5,737100.0,61861100.0
2025-10-31,09:23:31.000,857.45,857.5,737100.0,61861100.0
2025-10-31,09:23:32.000,857.45,857.5,737100.0,61861100.0
2025-10-31,09:23:33.000,857.1,857.5,738500.0,61861100.0
2025-10-31,09:23:34.000,857.1,857.5,738500.0,61861100.0
2025-10-31,09:23:35.000,857.1,857.5,738500.0,61861100.0
2025-10-31,09:23:36.000,857.2,857.5,738500.0,61861100.0
2025-10-31,09:23:37.000,857.2,857.5,738500.0,61861100.0
2025-10-31,09:23:38.000,857.2,857.5,738500.0,61861100.0
2025-10-31,09:23:39.000,857.2,857.65,748300.0,61861100.0
2025-10-31,09:23:40.000,857.05,857.5,749000.0,61861100.0
2025-10-31,09:23:41.000,857.0,857.4,749000.0,61861100.0
2025-10-31,09:23:42.000,856.5,856.9,751100.0,61861100.0
2025-10-31,09:23:43.000,856.5,856.85,751800.0,61861100.0
2025-10-31,09:23:44.000,856.5,856.85,751800.0,61861100.0
2025-10-31,09:23:45.000,856.35,856.8,753200.0,61861100.0
2025-10-31,09:23:46.000,856.25,856.75,755300.0,61861100.0
2025-10-31,09:23:47.000,856.25,856.7,756000.0,61861100.0
2025-10-31,09:23:48.000,856.35,856.75,756000.0,61861100.0
2025-10-31,09:23:49.000,856.35,856.75,756000.0,61861100.0
2025-10-31,09:23:50.000,856.35,856.75,756000.0,61861100.0
2025-10-31,09:23:51.000,856.35,856.8,756000.0,61861100.0
2025-10-31,09:23:52.000,856.35,856.8,756000.0,61861100.0
2025-10-31,09:23:53.000,856.3,856.75,758800.0,61861100.0
2025-10-31,09:23:54.000,856.25,856.7,762300.0,61861100.0
2025-10-31,09:23:55.000,856.25,856.6,765800.0,61861100.0
2025-10-31,09:23:56.000,856.2,856.5,766500.0,61861100.0
2025-10-31,09:23:57.000,856.0,856.2,767900.0,61861100.0
2025-10-31,09:23:58.000,856.0,856.3,769300.0,61861100.0
2025-10-31,09:23:59.000,856.0,856.3,769300.0,61861100.0
2025-10-31,09:24:00.000,856.0,856.3,769300.0,61861100.0
2025-10-31,09:24:01.000,856.05,856.5,772100.0,61861100.0
2025-10-31,09:24:02.000,856.0,856.4,772100.0,61861100.0
2025-10-31,09:24:03.000,856.0,856.4,772100.0,61861100.0
2025-10-31,09:24:04.000,856.1,856.5,772800.0,61861100.0
2025-10-31,09:24:05.000,856.6,856.95,780500.0,61861100.0
2025-10-31,09:24:06.000,856.6,856.95,780500.0,61861100.0
2025-10-31,09:24:07.000,856.65,856.95,780500.0,61861100.0
2025-10-31,09:24:08.000,857.1,857.45,787500.0,61861100.0
2025-10-31,09:24:09.000,857.2,857.35,788200.0,61861100.0
2025-10-31,09:24:10.000,857.2,857.35,788200.0,61861100.0
2025-10-31,09:24:11.000,857.1,857.35,788200.0,61861100.0
2025-10-31,09:24:12.000,857.05,857.5,795200.0,61861100.0
2025-10-31,09:24:13.000,857.45,857.9,802200.0,61861100.0
2025-10-31,09:24:14.000,857.6,857.9,803600.0,61861100.0
2025-10-31,09:24:15.000,857.45,857.9,804300.0,61861100.0
2025-10-31,09:24:16.000,857.45,857.9,804300.0,61861100.0
2025-10-31,09:24:17.000,857.45,857.9,804300.0,61861100.0
2025-10-31,09:24:18.000,857.55,857.9,804300.0,61861100.0
2025-10-31,09:24:19.000,857.55,857.9,805700.0,61861100.0
2025-10-31,09:24:20.000,857.55,857.9,805700.0,61861100.0
2025-10-31,09:24:21.000,857.65,857.9,805700.0,61861100.0
2025-10-31,09:24:22.000,857.65,857.9,805700.0,61861100.0
2025-10-31,09:24:23.000,857.7,858.0,806400.0,61861100.0
2025-10-31,09:24:24.000,857.65,858.0,806400.0,61861100.0
2025-10-31,09:24:25.000,857.05,857.5,812700.0,61861100.0
2025-10-31,09:24:26.000,857.0,857.45,812700.0,61861100.0
2025-10-31,09:24:27.000,857.0,857.45,812700.0,61861100.0
2025-10-31,09:24:28.000,857.05,857.5,812700.0,61861100.0
2025-10-31,09:24:29.000,856.95,857.45,812700.0,61861100.0
2025-10-31,09:24:30.000,857.0,857.55,814800.0,61861100.0
2025-10-31,09:24:31.000,856.95,857.45,815500.0,61861100.0
2025-10-31,09:24:32.000,856.95,857.45,815500.0,61861100.0
2025-10-31,09:24:33.000,856.95,857.45,815500.0,61861100.0
2025-10-31,09:24:34.000,857.25,857.75,815500.0,61861100.0
2025-10-31,09:24:35.000,857.25,857.75,815500.0,61861100.0
2025-10-31,09:24:36.000,857.0,857.45,815500.0,61861100.0
2025-10-31,09:24:37.000,857.0,857.45,815500.0,61861100.0
2025-10-31,09:24:38.000,857.0,857.45,816200.0,61861100.0
2025-10-31,09:24:39.000,857.1,857.55,817600.0,61868800.0
2025-10-31,09:24:40.000,857.15,857.7,817600.0,61868800.0
2025-10-31,09:24:41.000,857.0,857.5,817600.0,61868800.0
2025-10-31,09:24:42.000,856.85,857.3,817600.0,61868800.0
2025-10-31,09:24:43.000,856.85,857.3,817600.0,61868800.0
2025-10-31,09:24:44.000,857.0,857.4,817600.0,61868800.0
2025-10-31,09:24:45.000,857.0,857.4,817600.0,61868800.0
2025-10-31,09:24:46.000,857.0,857.25,817600.0,61868800.0
2025-10-31,09:24:47.000,857.0,857.25,817600.0,61868800.0
2025-10-31,09:24:48.000,857.0,857.25,817600.0,61868800.0
2025-10-31,09:24:49.000,857.0,857.4,820400.0,61868800.0
2025-10-31,09:24:50.000,857.05,857.5,821100.0,61868800.0
2025-10-31,09:24:51.000,857.25,857.6,821100.0,61868800.0
2025-10-31,09:24:52.000,857.25,857.6,821100.0,61868800.0
2025-10-31,09:24:53.000,857.25,857.6,821100.0,61868800.0
2025-10-31,09:24:54.000,857.25,857.6,821100.0,61868800.0
2025-10-31,09:24:55.000,857.25,857.6,821100.0,61868800.0
2025-10-31,09:24:56.000,857.25,857.6,821100.0,61868800.0
2025-10-31,09:24:57.000,857.25,857.6,821100.0,61868800.0
2025-10-31,09:24:58.000,857.25,857.6,821100.0,61868800.0
2025-10-31,09:24:59.000,857.25,857.65,821800.0,61868800.0
2025-10-31,09:25:00.000,857.25,857.65,821800.0,61868800.0
2025-10-31,09:25:01.000,857.25,857.65,821800.0,61868800.0
2025-10-31,09:25:02.000,857.25,857.6,821800.0,61868800.0
2025-10-31,09:25:03.000,857.25,857.6,821800.0,61868800.0
2025-10-31,09:25:04.000,857.55,857.75,823900.0,61868800.0
2025-10-31,09:25:05.000,857.3,857.7,823900.0,61868800.0
2025-10-31,09:25:06.000,857.3,857.75,823900.0,61868800.0
2025-10-31,09:25:07.000,857.3,857.75,823900.0,61868800.0
2025-10-31,09:25:08.000,857.3,857.75,823900.0,61868800.0
2025-10-31,09:25:09.000,857.3,857.75,823900.0,61868800.0
2025-10-31,09:25:10.000,857.4,857.9,823900.0,61868800.0
2025-10-31,09:25:11.000,857.4,857.85,825300.0,61868800.0
2025-10-31,09:25:12.000,857.3,857.75,825300.0,61868800.0
2025-10-31,09:25:13.000,857.2,857.65,825300.0,61868800.0
2025-10-31,09:25:14.000,857.2,857.65,825300.0,61868800.0
2025-10-31,09:25:15.000,857.3,857.8,825300.0,61868800.0
2025-10-31,09:25:16.000,857.3,857.8,825300.0,61868800.0
2025-10-31,09:25:17.000,857.15,857.6,826000.0,61868800.0
2025-10-31,09:25:18.000,857.15,857.6,826000.0,61868800.0
2025-10-31,09:25:19.000,857.15,857.6,826000.0,61868800.0
2025-10-31,09:25:20.000,857.25,857.6,826000.0,61868800.0
2025-10-31,09:25:21.000,857.25,857.6,826000.0,61868800.0
2025-10-31,09:25:22.000,857.25,857.6,826000.0,61868800.0
2025-10-31,09:25:23.000,857.25,857.65,826700.0,61868800.0
2025-10-31,09:25:24.000,857.05,857.5,827400.0,61868800.0
2025-10-31,09:25:25.000,857.05,857.5,827400.0,61868800.0
2025-10-31,09:25:26.000,857.15,857.6,827400.0,61868800.0
2025-10-31,09:25:27.000,857.2,857.7,827400.0,61868800.0
2025-10-31,09:25:28.000,857.0,857.5,828100.0,61868800.0
2025-10-31,09:25:29.000,857.05,857.5,828100.0,61868800.0
2025-10-31,09:25:30.000,857.1,857.55,828100.0,61868800.0
2025-10-31,09:25:31.000,857.15,857.6,828100.0,61868800.0
2025-10-31,09:25:32.000,857.1,857.55,828100.0,61868800.0
2025-10-31,09:25:33.000,857.2,857.6,828100.0,61868800.0
2025-10-31,09:25:34.000,857.2,857.6,828100.0,61868800.0
2025-10-31,09:25:35.000,857.2,857.7,828100.0,61868800.0
2025-10-31,09:25:36.000,857.2,857.7,828100.0,61868800.0
2025-10-31,09:25:37.000,857.3,857.7,828100.0,61868800.0
2025-10-31,09:25:38.000,857.25,857.65,828100.0,61868800.0
2025-10-31,09:25:39.000,857.25,857.65,828800.0,61868800.0
2025-10-31,09:25:40.000,857.25,857.65,828800.0,61868800.0
2025-10-31,09:25:41.000,857.25,857.65,828800.0,61868800.0
2025-10-31,09:25:42.000,857.1,857.6,829500.0,61868800.0
2025-10-31,09:25:43.000,857.15,857.65,830200.0,61868800.0
2025-10-31,09:25:44.000,857.15,857.65,830200.0,61868800.0
2025-10-31,09:25:45.000,857.2,857.65,830900.0,61868800.0
2025-10-31,09:25:46.000,857.2,857.65,830900.0,61868800.0
2025-10-31,09:25:47.000,857.2,857.65,830900.0,61868800.0
2025-10-31,09:25:48.000,857.3,857.65,830900.0,61868800.0
2025-10-31,09:25:49.000,857.15,857.6,830900.0,61868800.0
2025-10-31,09:25:50.000,857.15,857.6,830900.0,61868800.0
2025-10-31,09:25:51.000,857.15,857.6,830900.0,61868800.0
2025-10-31,09:25:52.000,857.15,857.6,830900.0,61868800.0
2025-10-31,09:25:53.000,857.15,857.6,830900.0,61868800.0
2025-10-31,09:25:54.000,857.15,857.6,830900.0,61868800.0
2025-10-31,09:25:55.000,857.15,857.6,830900.0,61868800.0
2025-10-31,09:25:56.000,857.15,857.6,830900.0,61868800.0
2025-10-31,09:25:57.000,857.15,857.6,830900.0,61868800.0
2025-10-31,09:25:58.000,857.15,857.6,830900.0,61868800.0
2025-10-31,09:25:59.000,857.15,857.6,830900.0,61868800.0
2025-10-31,09:26:00.000,857.15,857.6,830900.0,61868800.0
2025-10-31,09:26:01.000,857.15,857.6,830900.0,61868800.0
2025-10-31,09:26:02.000,857.15,857.6,830900.0,61868800.0
2025-10-31,09:26:03.000,857.15,857.6,830900.0,61868800.0
2025-10-31,09:26:04.000,857.15,857.6,830900.0,61868800.0
2025-10-31,09:26:05.000,857.15,857.6,830900.0,61868800.0
2025-10-31,09:26:06.000,857.15,857.6,830900.0,61868800.0
2025-10-31,09:26:07.000,857.15,857.6,830900.0,61868800.0
2025-10-31,09:26:08.000,857.15,857.6,830900.0,61868800.0
2025-10-31,09:26:09.000,857.15,857.6,830900.0,61868800.0
2025-10-31,09:26:10.000,857.15,857.6,830900.0,61868800.0
2025-10-31,09:26:11.000,857.15,857.6,830900.0,61868800.0
2025-10-31,09:26:12.000,857.15,857.6,830900.0,61868800.0
2025-10-31,09:26:13.000,857.15,857.6,830900.0,61868800.0
2025-10-31,09:26:14.000,857.15,857.6,830900.0,61868800.0
2025-10-31,09:26:15.000,857.15,857.6,830900.0,61868800.0
2025-10-31,09:26:16.000,857.15,857.6,830900.0,61868800.0
2025-10-31,09:26:17.000,857.15,857.6,830900.0,61868800.0
2025-10-31,09:26:18.000,857.35,857.55,835800.0,61868800.0
2025-10-31,09:26:19.000,857.35,857.55,835800.0,61868800.0
2025-10-31,09:26:20.000,857.35,857.55,835800.0,61868800.0
2025-10-31,09:26:21.000,857.35,857.55,835800.0,61868800.0
2025-10-31,09:26:22.000,857.35,857.55,835800.0,61868800.0
2025-10-31,09:26:23.000,857.35,857.55,835800.0,61868800.0
2025-10-31,09:26:24.000,857.35,857.55,835800.0,61868800.0
2025-10-31,09:26:25.000,857.35,857.55,835800.0,61868800.0
2025-10-31,09:26:26.000,857.35,857.55,835800.0,61868800.0
2025-10-31,09:26:27.000,857.35,857.55,835800.0,61868800.0
2025-10-31,09:26:28.000,857.35,857.55,835800.0,61868800.0
2025-10-31,09:26:29.000,857.35,857.55,835800.0,61868800.0
2025-10-31,09:26:30.000,857.35,857.55,835800.0,61868800.0
2025-10-31,09:26:31.000,857.35,857.55,835800.0,61868800.0
2025-10-31,09:26:32.000,857.35,857.55,835800.0,61868800.0
2025-10-31,09:26:33.000,857.35,857.55,835800.0,61868800.0
2025-10-31,09:26:34.000,857.35,857.55,835800.0,61868800.0
2025-10-31,09:26:35.000,857.35,857.55,835800.0,61868800.0
2025-10-31,09:26:36.000,857.35,857.55,835800.0,61868800.0
2025-10-31,09:26:37.000,857.35,857.55,835800.0,61868800.0
2025-10-31,09:26:38.000,857.35,857.55,835800.0,61868800.0
2025-10-31,09:26:39.000,857.35,857.55,835800.0,61868800.0
2025-10-31,09:26:40.000,857.35,857.55,835800.0,61868800.0
2025-10-31,09:26:41.000,857.35,857.55,835800.0,61868800.0
2025-10-31,09:26:42.000,857.35,857.55,835800.0,61868800.0
2025-10-31,09:26:43.000,857.35,857.55,835800.0,61868800.0
2025-10-31,09:26:44.000,857.35,857.55,835800.0,61868800.0
2025-10-31,09:26:45.000,857.35,857.55,835800.0,61868800.0
2025-10-31,09:26:46.000,857.35,857.55,835800.0,61868800.0
2025-10-31,09:26:47.000,857.35,857.55,835800.0,61868800.0
2025-10-31,09:26:48.000,857.35,857.55,835800.0,61868800.0
2025-10-31,09:26:49.000,857.35,857.55,835800.0,61868800.0
2025-10-31,09:26:50.000,857.35,857.55,835800.0,61868800.0
2025-10-31,09:26:51.000,857.35,857.55,835800.0,61868800.0
2025-10-31,09:26:52.000,857.35,857.55,835800.0,61868800.0
2025-10-31,09:26:53.000,857.35,857.55,835800.0,61868800.0
2025-10-31,09:26:54.000,858.25,858.55,858200.0,61868800.0
2025-10-31,09:26:55.000,858.25,858.55,858200.0,61868800.0
2025-10-31,09:26:56.000,858.25,858.55,858200.0,61868800.0
2025-10-31,09:26:57.000,858.25,858.55,858200.0,61868800.0
2025-10-31,09:26:58.000,858.25,858.55,858200.0,61868800.0
2025-10-31,09:26:59.000,858.25,858.55,858200.0,61868800.0
2025-10-31,09:27:00.000,858.25,858.55,858200.0,61868800.0
2025-10-31,09:27:01.000,858.25,858.55,858200.0,61868800.0
2025-10-31,09:27:02.000,858.25,858.55,858200.0,61868800.0
2025-10-31,09:27:03.000,858.25,858.55,858200.0,61868800.0
2025-10-31,09:27:04.000,858.25,858.55,858200.0,61868800.0
2025-10-31,09:27:05.000,858.25,858.55,858200.0,61868800.0
2025-10-31,09:27:06.000,858.25,858.55,858200.0,61868800.0
2025-10-31,09:27:07.000,858.25,858.55,858200.0,61868800.0
2025-10-31,09:27:08.000,858.25,858.55,858200.0,61868800.0
2025-10-31,09:27:09.000,858.25,858.55,858200.0,61868800.0
2025-10-31,09:27:10.000,858.25,858.55,858200.0,61868800.0
2025-10-31,09:27:11.000,858.25,858.55,858200.0,61868800.0
2025-10-31,09:27:12.000,858.25,858.55,858200.0,61868800.0
2025-10-31,09:27:13.000,858.25,858.55,858200.0,61868800.0
2025-10-31,09:27:14.000,858.25,858.55,858200.0,61868800.0
2025-10-31,09:27:15.000,858.25,858.55,858200.0,61868800.0
2025-10-31,09:27:16.000,858.25,858.55,858200.0,61868800.0
2025-10-31,09:27:17.000,858.25,858.55,858200.0,61868800.0
2025-10-31,09:27:18.000,858.25,858.55,858200.0,61868800.0
2025-10-31,09:27:19.000,858.25,858.55,858200.0,61868800.0
2025-10-31,09:27:20.000,858.25,858.55,858200.0,61868800.0
2025-10-31,09:27:21.000,858.25,858.55,858200.0,61868800.0
2025-10-31,09:27:22.000,858.25,858.55,858200.0,61868800.0
2025-10-31,09:27:23.000,858.25,858.55,858200.0,61868800.0
2025-10-31,09:27:24.000,858.25,858.55,858200.0,61868800.0
2025-10-31,09:27:25.000,858.25,858.55,858200.0,61868800.0
2025-10-31,09:27:26.000,858.25,858.55,858200.0,61868800.0
2025-10-31,09:27:27.000,859.05,859.3,875700.0,61868800.0
2025-10-31,09:27:28.000,859.05,859.3,875700.0,61868800.0
2025-10-31,09:27:29.000,859.05,859.3,875700.0,61868800.0
2025-10-31,09:27:30.000,859.05,859.3,875700.0,61868800.0
2025-10-31,09:27:31.000,859.05,859.3,875700.0,61868800.0
2025-10-31,09:27:32.000,859.05,859.3,875700.0,61868800.0
2025-10-31,09:27:33.000,859.05,859.3,875700.0,61868800.0
2025-10-31,09:27:34.000,859.05,859.3,875700.0,61868800.0
2025-10-31,09:27:35.000,859.05,859.3,875700.0,61868800.0
2025-10-31,09:27:36.000,859.05,859.3,875700.0,61868800.0
2025-10-31,09:27:37.000,859.05,859.3,875700.0,61868800.0
2025-10-31,09:27:38.000,859.05,859.3,875700.0,61868800.0
2025-10-31,09:27:39.000,859.05,859.3,875700.0,61868800.0
2025-10-31,09:27:40.000,859.05,859.3,875700.0,61868800.0
2025-10-31,09:27:41.000,859.05,859.3,875700.0,61868800.0
2025-10-31,09:27:42.000,859.05,859.3,875700.0,61868800.0
2025-10-31,09:27:43.000,859.05,859.3,875700.0,61868800.0
2025-10-31,09:27:44.000,859.05,859.3,875700.0,61868800.0
2025-10-31,09:27:45.000,859.05,859.3,875700.0,61868800.0
2025-10-31,09:27:46.000,859.05,859.3,875700.0,61868800.0
2025-10-31,09:27:47.000,859.05,859.3,875700.0,61868800.0
2025-10-31,09:27:48.000,859.05,859.3,875700.0,61868800.0
2025-10-31,09:27:49.000,859.05,859.3,875700.0,61868800.0
2025-10-31,09:27:50.000,859.05,859.3,875700.0,61868800.0
2025-10-31,09:27:51.000,859.05,859.3,875700.0,61868800.0
2025-10-31,09:27:52.000,859.05,859.3,875700.0,61868800.0
2025-10-31,09:27:53.000,859.05,859.3,875700.0,61868800.0
2025-10-31,09:27:54.000,859.05,859.3,875700.0,61868800.0
2025-10-31,09:27:55.000,859.05,859.3,875700.0,61868800.0
2025-10-31,09:27:56.000,859.05,859.3,875700.0,61868800.0
2025-10-31,09:27:57.000,859.05,859.3,875700.0,61868800.0
2025-10-31,09:27:58.000,859.05,859.3,875700.0,61868800.0
2025-10-31,09:27:59.000,859.05,859.3,875700.0,61868800.0
2025-10-31,09:28:00.000,859.05,859.3,875700.0,61868800.0
2025-10-31,09:28:01.000,859.0,859.4,901600.0,61870900.0
2025-10-31,09:28:02.000,859.0,859.4,901600.0,61870900.0
2025-10-31,09:28:03.000,859.0,859.4,901600.0,61870900.0
2025-10-31,09:28:04.000,859.0,859.4,901600.0,61870900.0
2025-10-31,09:28:05.000,859.0,859.4,901600.0,61870900.0
2025-10-31,09:28:06.000,859.0,859.4,901600.0,61870900.0
2025-10-31,09:28:07.000,859.0,859.4,901600.0,61870900.0
2025-10-31,09:28:08.000,859.0,859.4,901600.0,61870900.0
2025-10-31,09:28:09.000,859.0,859.4,901600.0,61870900.0
2025-10-31,09:28:10.000,859.0,859.4,901600.0,61870900.0
2025-10-31,09:28:11.000,859.0,859.4,901600.0,61870900.0
2025-10-31,09:28:12.000,859.0,859.4,901600.0,61870900.0
2025-10-31,09:28:13.000,859.0,859.4,901600.0,61870900.0
2025-10-31,09:28:14.000,859.0,859.4,901600.0,61870900.0
2025-10-31,09:28:15.000,859.0,859.4,901600.0,61870900.0
2025-10-31,09:28:16.000,859.0,859.4,901600.0,61870900.0
2025-10-31,09:28:17.000,859.0,859.4,901600.0,61870900.0
2025-10-31,09:28:18.000,859.0,859.4,901600.0,61870900.0
2025-10-31,09:28:19.000,859.0,859.4,901600.0,61870900.0
2025-10-31,09:28:20.000,859.0,859.4,901600.0,61870900.0
2025-10-31,09:28:21.000,859.0,859.4,901600.0,61870900.0
2025-10-31,09:28:22.000,859.0,859.4,901600.0,61870900.0
2025-10-31,09:28:23.000,859.0,859.4,901600.0,61870900.0
2025-10-31,09:28:24.000,859.0,859.4,901600.0,61870900.0
2025-10-31,09:28:25.000,859.0,859.4,901600.0,61870900.0
2025-10-31,09:28:26.000,859.0,859.4,901600.0,61870900.0
2025-10-31,09:28:27.000,859.0,859.4,901600.0,61870900.0
2025-10-31,09:28:28.000,859.0,859.4,901600.0,61870900.0
2025-10-31,09:28:29.000,859.15,859.5,910700.0,61870900.0
2025-10-31,09:28:30.000,859.15,859.5,910700.0,61870900.0
2025-10-31,09:28:31.000,859.15,859.5,910700.0,61870900.0
2025-10-31,09:28:32.000,859.15,859.5,910700.0,61870900.0
2025-10-31,09:28:33.000,859.15,859.5,910700.0,61870900.0
2025-10-31,09:28:34.000,859.15,859.5,910700.0,61870900.0
2025-10-31,09:28:35.000,859.15,859.5,910700.0,61870900.0
2025-10-31,09:28:36.000,859.15,859.5,910700.0,61870900.0
2025-10-31,09:28:37.000,859.15,859.5,910700.0,61870900.0
2025-10-31,09:28:38.000,859.15,859.5,910700.0,61870900.0
2025-10-31,09:28:39.000,859.15,859.5,910700.0,61870900.0
2025-10-31,09:28:40.000,859.15,859.5,910700.0,61870900.0
2025-10-31,09:28:41.000,859.15,859.5,910700.0,61870900.0
2025-10-31,09:28:42.000,859.15,859.5,910700.0,61870900.0
2025-10-31,09:28:43.000,859.15,859.5,910700.0,61870900.0
2025-10-31,09:28:44.000,859.15,859.5,910700.0,61870900.0
2025-10-31,09:28:45.000,859.15,859.5,910700.0,61870900.0
2025-10-31,09:28:46.000,859.15,859.5,910700.0,61870900.0
2025-10-31,09:28:47.000,859.15,859.5,910700.0,61870900.0
2025-10-31,09:28:48.000,859.15,859.5,910700.0,61870900.0
2025-10-31,09:28:49.000,859.15,859.5,910700.0,61870900.0
2025-10-31,09:28:50.000,859.15,859.5,910700.0,61870900.0
2025-10-31,09:28:51.000,859.15,859.5,910700.0,61870900.0
2025-10-31,09:28:52.000,859.15,859.5,910700.0,61870900.0
2025-10-31,09:28:53.000,859.15,859.5,910700.0,61870900.0
2025-10-31,09:28:54.000,859.15,859.5,910700.0,61870900.0
2025-10-31,09:28:55.000,859.15,859.5,910700.0,61870900.0
2025-10-31,09:28:56.000,859.15,859.5,910700.0,61870900.0
2025-10-31,09:28:57.000,859.15,859.5,910700.0,61870900.0
2025-10-31,09:28:58.000,859.15,859.5,910700.0,61870900.0
2025-10-31,09:28:59.000,859.55,859.85,928900.0,61870900.0
2025-10-31,09:29:00.000,859.55,859.85,928900.0,61870900.0
2025-10-31,09:29:01.000,859.55,859.85,928900.0,61870900.0
2025-10-31,09:29:02.000,859.55,859.85,928900.0,61870900.0
2025-10-31,09:29:03.000,859.55,859.85,928900.0,61870900.0
2025-10-31,09:29:04.000,859.55,859.85,928900.0,61870900.0
2025-10-31,09:29:05.000,859.55,859.85,928900.0,61870900.0
2025-10-31,09:29:06.000,859.55,859.85,928900.0,61870900.0
2025-10-31,09:29:07.000,859.55,859.85,928900.0,61870900.0
2025-10-31,09:29:08.000,859.55,859.85,928900.0,61870900.0
2025-10-31,09:29:09.000,859.55,859.85,928900.0,61870900.0
2025-10-31,09:29:10.000,859.55,859.85,928900.0,61870900.0
2025-10-31,09:29:11.000,859.55,859.85,928900.0,61870900.0
2025-10-31,09:29:12.000,859.55,859.85,928900.0,61870900.0
2025-10-31,09:29:13.000,859.55,859.85,928900.0,61870900.0
2025-10-31,09:29:14.000,859.55,859.85,928900.0,61870900.0
2025-10-31,09:29:15.000,859.55,859.85,928900.0,61870900.0
2025-10-31,09:29:16.000,859.55,859.85,928900.0,61870900.0
2025-10-31,09:29:17.000,859.55,859.85,928900.0,61870900.0
2025-10-31,09:29:18.000,859.55,859.85,928900.0,61870900.0
2025-10-31,09:29:19.000,859.55,859.85,928900.0,61870900.0
2025-10-31,09:29:20.000,859.55,859.85,928900.0,61870900.0
2025-10-31,09:29:21.000,859.55,859.85,928900.0,61870900.0
2025-10-31,09:29:22.000,859.55,859.85,928900.0,61870900.0
2025-10-31,09:29:23.000,859.55,859.85,928900.0,61870900.0
2025-10-31,09:29:24.000,859.55,859.85,928900.0,61870900.0
2025-10-31,09:29:25.000,859.55,859.85,928900.0,61870900.0
2025-10-31,09:29:26.000,859.55,859.85,928900.0,61870900.0
2025-10-31,09:29:27.000,859.55,859.85,928900.0,61870900.0
2025-10-31,09:29:28.000,859.15,859.55,934500.0,61870900.0
2025-10-31,09:29:29.000,859.15,859.55,934500.0,61870900.0
2025-10-31,09:29:30.000,859.15,859.55,934500.0,61870900.0
2025-10-31,09:29:31.000,859.15,859.55,934500.0,61870900.0
2025-10-31,09:29:32.000,859.15,859.55,934500.0,61870900.0
2025-10-31,09:29:33.000,859.15,859.55,934500.0,61870900.0
2025-10-31,09:29:34.000,859.15,859.55,934500.0,61870900.0
2025-10-31,09:29:35.000,859.15,859.55,934500.0,61870900.0
2025-10-31,09:29:36.000,859.15,859.55,934500.0,61870900.0
2025-10-31,09:29:37.000,859.15,859.55,934500.0,61870900.0
2025-10-31,09:29:38.000,859.15,859.55,934500.0,61870900.0
2025-10-31,09:29:39.000,859.15,859.55,934500.0,61870900.0
2025-10-31,09:29:40.000,859.15,859.55,934500.0,61870900.0
2025-10-31,09:29:41.000,859.15,859.55,934500.0,61870900.0
2025-10-31,09:29:42.000,859.15,859.55,934500.0,61870900.0
2025-10-31,09:29:43.000,859.15,859.55,934500.0,61870900.0
2025-10-31,09:29:44.000,859.15,859.55,934500.0,61870900.0
2025-10-31,09:29:45.000,859.15,859.55,934500.0,61870900.0
2025-10-31,09:29:46.000,859.15,859.55,934500.0,61870900.0
2025-10-31,09:29:47.000,859.15,859.55,934500.0,61870900.0
2025-10-31,09:29:48.000,859.15,859.55,934500.0,61870900.0
2025-10-31,09:29:49.000,859.15,859.55,934500.0,61870900.0
2025-10-31,09:29:50.000,859.15,859.55,934500.0,61870900.0
2025-10-31,09:29:51.000,859.15,859.55,934500.0,61870900.0
2025-10-31,09:29:52.000,859.15,859.55,934500.0,61870900.0
2025-10-31,09:29:53.000,859.15,859.55,934500.0,61870900.0
2025-10-31,09:29:54.000,859.15,859.55,934500.0,61870900.0
2025-10-31,09:29:55.000,859.15,859.55,934500.0,61870900.0
2025-10-31,09:29:56.000,859.15,859.55,934500.0,61870900.0
2025-10-31,09:29:57.000,859.1,859.5,938000.0,61870900.0
2025-10-31,09:29:58.000,859.1,859.5,938000.0,61870900.0
2025-10-31,09:29:59.000,859.1,859.5,938000.0,61870900.0
2025-10-31,09:30:00.000,859.1,859.5,938000.0,61870900.0
2025-10-31,09:30:01.000,859.1,859.5,938000.0,61870900.0
2025-10-31,09:30:02.000,859.1,859.5,938000.0,61870900.0
2025-10-31,09:30:03.000,859.1,859.5,938000.0,61870900.0
2025-10-31,09:30:04.000,859.1,859.5,938000.0,61870900.0
2025-10-31,09:30:05.000,859.1,859.5,938000.0,61870900.0
2025-10-31,09:30:06.000,859.1,859.5,938000.0,61870900.0
2025-10-31,09:30:07.000,859.1,859.5,938000.0,61870900.0
2025-10-31,09:30:08.000,859.1,859.5,938000.0,61870900.0
2025-10-31,09:30:09.000,859.1,859.5,938000.0,61870900.0
2025-10-31,09:30:10.000,859.1,859.5,938000.0,61870900.0
2025-10-31,09:30:11.000,859.1,859.5,938000.0,61870900.0
2025-10-31,09:30:12.000,859.1,859.5,938000.0,61870900.0
2025-10-31,09:30:13.000,859.1,859.5,938000.0,61870900.0
2025-10-31,09:30:14.000,859.1,859.5,938000.0,61870900.0
2025-10-31,09:30:15.000,859.1,859.5,938000.0,61870900.0
2025-10-31,09:30:16.000,859.1,859.5,938000.0,61870900.0
2025-10-31,09:30:17.000,859.1,859.5,938000.0,61870900.0
2025-10-31,09:30:18.000,859.1,859.5,938000.0,61870900.0
2025-10-31,09:30:19.000,859.1,859.5,938000.0,61870900.0
2025-10-31,09:30:20.000,859.1,859.5,938000.0,61870900.0
2025-10-31,09:30:21.000,859.1,859.5,938000.0,61870900.0
2025-10-31,09:30:22.000,859.1,859.5,938000.0,61870900.0
2025-10-31,09:30:23.000,859.1,859.5,938000.0,61870900.0
2025-10-31,09:30:24.000,859.1,859.5,938000.0,61870900.0
2025-10-31,09:30:25.000,859.1,859.4,945000.0,61870900.0
2025-10-31,09:30:26.000,859.1,859.4,945000.0,61870900.0
2025-10-31,09:30:27.000,859.1,859.4,945000.0,61870900.0
2025-10-31,09:30:28.000,859.1,859.4,945000.0,61870900.0
2025-10-31,09:30:29.000,859.1,859.4,945000.0,61870900.0
2025-10-31,09:30:30.000,859.1,859.4,945000.0,61870900.0
2025-10-31,09:30:31.000,859.1,859.4,945000.0,61870900.0
2025-10-31,09:30:32.000,859.1,859.4,945000.0,61870900.0
2025-10-31,09:30:33.000,859.1,859.4,945000.0,61870900.0
2025-10-31,09:30:34.000,859.1,859.4,945000.0,61870900.0
2025-10-31,09:30:35.000,859.1,859.4,945000.0,61870900.0
2025-10-31,09:30:36.000,859.1,859.4,945000.0,61870900.0
2025-10-31,09:30:37.000,859.1,859.4,945000.0,61870900.0
2025-10-31,09:30:38.000,859.1,859.4,945000.0,61870900.0
2025-10-31,09:30:39.000,859.1,859.4,945000.0,61870900.0
2025-10-31,09:30:40.000,859.1,859.4,945000.0,61870900.0
2025-10-31,09:30:41.000,859.1,859.4,945000.0,61870900.0
2025-10-31,09:30:42.000,859.1,859.4,945000.0,61870900.0
2025-10-31,09:30:43.000,859.1,859.4,945000.0,61870900.0
2025-10-31,09:30:44.000,859.1,859.4,945000.0,61870900.0
2025-10-31,09:30:45.000,859.1,859.4,945000.0,61870900.0
2025-10-31,09:30:46.000,859.1,859.4,945000.0,61870900.0
2025-10-31,09:30:47.000,859.1,859.4,945000.0,61870900.0
2025-10-31,09:30:48.000,859.1,859.4,945000.0,61870900.0
2025-10-31,09:30:49.000,859.1,859.4,945000.0,61870900.0
2025-10-31,09:30:50.000,859.1,859.4,945000.0,61870900.0
2025-10-31,09:30:51.000,859.1,859.4,945000.0,61870900.0
2025-10-31,09:30:52.000,859.1,859.4,945000.0,61870900.0
2025-10-31,09:30:53.000,859.1,859.4,945000.0,61870900.0
2025-10-31,09:30:54.000,859.1,859.4,945000.0,61870900.0
2025-10-31,09:30:55.000,859.1,859.4,945000.0,61870900.0
2025-10-31,09:30:56.000,859.45,859.6,978600.0,61882100.0
2025-10-31,09:30:57.000,859.45,859.6,978600.0,61882100.0
2025-10-31,09:30:58.000,859.45,859.6,978600.0,61882100.0
2025-10-31,09:30:59.000,859.45,859.6,978600.0,61882100.0
2025-10-31,09:31:00.000,859.45,859.6,978600.0,61882100.0
2025-10-31,09:31:01.000,859.45,859.6,978600.0,61882100.0
2025-10-31,09:31:02.000,859.45,859.6,978600.0,61882100.0
2025-10-31,09:31:03.000,859.45,859.6,978600.0,61882100.0
2025-10-31,09:31:04.000,859.45,859.6,978600.0,61882100.0
2025-10-31,09:31:05.000,859.45,859.6,978600.0,61882100.0
2025-10-31,09:31:06.000,859.45,859.6,978600.0,61882100.0
2025-10-31,09:31:07.000,859.45,859.6,978600.0,61882100.0
2025-10-31,09:31:08.000,859.45,859.6,978600.0,61882100.0
2025-10-31,09:31:09.000,859.45,859.6,978600.0,61882100.0
2025-10-31,09:31:10.000,859.45,859.6,978600.0,61882100.0
2025-10-31,09:31:11.000,859.45,859.6,978600.0,61882100.0
2025-10-31,09:31:12.000,859.45,859.6,978600.0,61882100.0
2025-10-31,09:31:13.000,859.45,859.6,978600.0,61882100.0
2025-10-31,09:31:14.000,859.45,859.6,978600.0,61882100.0
2025-10-31,09:31:15.000,859.45,859.6,978600.0,61882100.0
2025-10-31,09:31:16.000,859.45,859.6,978600.0,61882100.0
2025-10-31,09:31:17.000,859.45,859.6,978600.0,61882100.0
2025-10-31,09:31:18.000,859.45,859.6,978600.0,61882100.0
2025-10-31,09:31:19.000,859.45,859.6,978600.0,61882100.0
2025-10-31,09:31:20.000,859.45,859.6,978600.0,61882100.0
2025-10-31,09:31:21.000,859.45,859.6,978600.0,61882100.0
2025-10-31,09:31:22.000,859.45,859.6,978600.0,61882100.0
2025-10-31,09:31:23.000,859.85,860.35,1005900.0,61882100.0
2025-10-31,09:31:24.000,859.85,860.35,1005900.0,61882100.0
2025-10-31,09:31:25.000,859.85,860.35,1005900.0,61882100.0
2025-10-31,09:31:26.000,859.85,860.35,1005900.0,61882100.0
2025-10-31,09:31:27.000,859.85,860.35,1005900.0,61882100.0
2025-10-31,09:31:28.000,859.85,860.35,1005900.0,61882100.0
2025-10-31,09:31:29.000,859.85,860.35,1005900.0,61882100.0
2025-10-31,09:31:30.000,859.85,860.35,1005900.0,61882100.0
2025-10-31,09:31:31.000,859.85,860.35,1005900.0,61882100.0
2025-10-31,09:31:32.000,859.85,860.35,1005900.0,61882100.0
2025-10-31,09:31:33.000,859.85,860.35,1005900.0,61882100.0
2025-10-31,09:31:34.000,859.85,860.35,1005900.0,61882100.0
2025-10-31,09:31:35.000,859.85,860.35,1005900.0,61882100.0
2025-10-31,09:31:36.000,859.85,860.35,1005900.0,61882100.0
2025-10-31,09:31:37.000,859.85,860.35,1005900.0,61882100.0
2025-10-31,09:31:38.000,859.85,860.35,1005900.0,61882100.0
2025-10-31,09:31:39.000,859.85,860.35,1005900.0,61882100.0
2025-10-31,09:31:40.000,859.85,860.35,1005900.0,61882100.0
2025-10-31,09:31:41.000,859.85,860.35,1005900.0,61882100.0
2025-10-31,09:31:42.000,859.85,860.35,1005900.0,61882100.0
2025-10-31,09:31:43.000,859.85,860.35,1005900.0,61882100.0
2025-10-31,09:31:44.000,859.85,860.35,1005900.0,61882100.0
2025-10-31,09:31:45.000,859.85,860.35,1005900.0,61882100.0
2025-10-31,09:31:46.000,859.85,860.35,1005900.0,61882100.0
2025-10-31,09:31:47.000,859.85,860.35,1005900.0,61882100.0
2025-10-31,09:31:48.000,859.85,860.35,1005900.0,61882100.0
2025-10-31,09:31:49.000,859.85,860.35,1005900.0,61882100.0
2025-10-31,09:31:50.000,859.85,860.35,1005900.0,61882100.0
2025-10-31,09:31:51.000,859.85,860.35,1005900.0,61882100.0
2025-10-31,09:31:52.000,860.4,860.6,1010100.0,61882100.0
2025-10-31,09:31:53.000,860.4,860.6,1010100.0,61882100.0
2025-10-31,09:31:54.000,860.4,860.6,1010100.0,61882100.0
2025-10-31,09:31:55.000,860.4,860.6,1010100.0,61882100.0
2025-10-31,09:31:56.000,860.4,860.6,1010100.0,61882100.0
2025-10-31,09:31:57.000,860.4,860.6,1010100.0,61882100.0
2025-10-31,09:31:58.000,860.4,860.6,1010100.0,61882100.0
2025-10-31,09:31:59.000,860.4,860.6,1010100.0,61882100.0
2025-10-31,09:32:00.000,860.4,860.6,1010100.0,61882100.0
2025-10-31,09:32:01.000,860.4,860.6,1010100.0,61882100.0
2025-10-31,09:32:02.000,860.4,860.6,1010100.0,61882100.0
2025-10-31,09:32:03.000,860.4,860.6,1010100.0,61882100.0
2025-10-31,09:32:04.000,860.4,860.6,1010100.0,61882100.0
2025-10-31,09:32:05.000,860.4,860.6,1010100.0,61882100.0
2025-10-31,09:32:06.000,860.4,860.6,1010100.0,61882100.0
2025-10-31,09:32:07.000,860.4,860.6,1010100.0,61882100.0
2025-10-31,09:32:08.000,860.4,860.6,1010100.0,61882100.0
2025-10-31,09:32:09.000,860.4,860.6,1010100.0,61882100.0
2025-10-31,09:32:10.000,860.4,860.6,1010100.0,61882100.0
2025-10-31,09:32:11.000,860.4,860.6,1010100.0,61882100.0
2025-10-31,09:32:12.000,860.4,860.6,1010100.0,61882100.0
2025-10-31,09:32:13.000,860.4,860.6,1010100.0,61882100.0
2025-10-31,09:32:14.000,860.4,860.6,1010100.0,61882100.0
2025-10-31,09:32:15.000,860.4,860.6,1010100.0,61882100.0
2025-10-31,09:32:16.000,860.4,860.6,1010100.0,61882100.0
2025-10-31,09:32:17.000,860.4,860.6,1010100.0,61882100.0
2025-10-31,09:32:18.000,860.4,860.6,1010100.0,61882100.0
2025-10-31,09:32:19.000,859.85,860.2,1017800.0,61882100.0
2025-10-31,09:32:20.000,859.85,860.2,1017800.0,61882100.0
2025-10-31,09:32:21.000,859.85,860.2,1017800.0,61882100.0
2025-10-31,09:32:22.000,859.85,860.2,1017800.0,61882100.0
2025-10-31,09:32:23.000,859.85,860.2,1017800.0,61882100.0
2025-10-31,09:32:24.000,859.85,860.2,1017800.0,61882100.0
2025-10-31,09:32:25.000,859.85,860.2,1017800.0,61882100.0
2025-10-31,09:32:26.000,859.85,860.2,1017800.0,61882100.0
2025-10-31,09:32:27.000,859.85,860.2,1017800.0,61882100.0
2025-10-31,09:32:28.000,859.85,860.2,1017800.0,61882100.0
2025-10-31,09:32:29.000,859.85,860.2,1017800.0,61882100.0
2025-10-31,09:32:30.000,859.85,860.2,1017800.0,61882100.0
2025-10-31,09:32:31.000,859.85,860.2,1017800.0,61882100.0
2025-10-31,09:32:32.000,859.85,860.2,1017800.0,61882100.0
2025-10-31,09:32:33.000,859.85,860.2,1017800.0,61882100.0
2025-10-31,09:32:34.000,859.85,860.2,1017800.0,61882100.0
2025-10-31,09:32:35.000,859.85,860.2,1017800.0,61882100.0
2025-10-31,09:32:36.000,859.85,860.2,1017800.0,61882100.0
2025-10-31,09:32:37.000,859.85,860.2,1017800.0,61882100.0
2025-10-31,09:32:38.000,859.85,860.2,1017800.0,61882100.0
2025-10-31,09:32:39.000,859.85,860.2,1017800.0,61882100.0
2025-10-31,09:32:40.000,859.85,860.2,1017800.0,61882100.0
2025-10-31,09:32:41.000,859.85,860.2,1017800.0,61882100.0
2025-10-31,09:32:42.000,859.85,860.2,1017800.0,61882100.0
2025-10-31,09:32:43.000,859.85,860.2,1017800.0,61882100.0
2025-10-31,09:32:44.000,859.85,860.2,1017800.0,61882100.0
2025-10-31,09:32:45.000,859.85,860.2,1017800.0,61882100.0
2025-10-31,09:32:46.000,859.85,860.2,1017800.0,61882100.0
2025-10-31,09:32:47.000,860.2,860.55,1029000.0,61882100.0
2025-10-31,09:32:48.000,860.2,860.55,1029000.0,61882100.0
2025-10-31,09:32:49.000,860.2,860.55,1029000.0,61882100.0
2025-10-31,09:32:50.000,860.2,860.55,1029000.0,61882100.0
2025-10-31,09:32:51.000,860.2,860.55,1029000.0,61882100.0
2025-10-31,09:32:52.000,860.2,860.55,1029000.0,61882100.0
2025-10-31,09:32:53.000,860.2,860.55,1029000.0,61882100.0
2025-10-31,09:32:54.000,860.2,860.55,1029000.0,61882100.0
2025-10-31,09:32:55.000,860.2,860.55,1029000.0,61882100.0
2025-10-31,09:32:56.000,860.2,860.55,1029000.0,61882100.0
2025-10-31,09:32:57.000,860.2,860.55,1029000.0,61882100.0
2025-10-31,09:32:58.000,860.2,860.55,1029000.0,61882100.0
2025-10-31,09:32:59.000,860.2,860.55,1029000.0,61882100.0
2025-10-31,09:33:00.000,860.2,860.55,1029000.0,61882100.0
2025-10-31,09:33:01.000,860.2,860.55,1029000.0,61882100.0
2025-10-31,09:33:02.000,860.2,860.55,1029000.0,61882100.0
2025-10-31,09:33:03.000,860.2,860.55,1029000.0,61882100.0
2025-10-31,09:33:04.000,860.2,860.55,1029000.0,61882100.0
2025-10-31,09:33:05.000,860.2,860.55,1029000.0,61882100.0
2025-10-31,09:33:06.000,860.2,860.55,1029000.0,61882100.0
2025-10-31,09:33:07.000,860.2,860.55,1029000.0,61882100.0
2025-10-31,09:33:08.000,860.2,860.55,1029000.0,61882100.0
2025-10-31,09:33:09.000,860.2,860.55,1029000.0,61882100.0
2025-10-31,09:33:10.000,860.2,860.55,1029000.0,61882100.0
2025-10-31,09:33:11.000,860.2,860.55,1029000.0,61882100.0
2025-10-31,09:33:12.000,860.2,860.55,1029000.0,61882100.0
2025-10-31,09:33:13.000,860.2,860.55,1029000.0,61882100.0
2025-10-31,09:33:14.000,860.2,860.55,1029000.0,61882100.0
2025-10-31,09:33:15.000,860.5,860.8,1038100.0,61882100.0
2025-10-31,09:33:16.000,860.5,860.8,1038100.0,61882100.0
2025-10-31,09:33:17.000,860.5,860.8,1038100.0,61882100.0
2025-10-31,09:33:18.000,860.5,860.8,1038100.0,61882100.0
2025-10-31,09:33:19.000,860.5,860.8,1038100.0,61882100.0
2025-10-31,09:33:20.000,860.5,860.8,1038100.0,61882100.0
2025-10-31,09:33:21.000,860.5,860.8,1038100.0,61882100.0
2025-10-31,09:33:22.000,860.5,860.8,1038100.0,61882100.0
2025-10-31,09:33:23.000,860.5,860.8,1038100.0,61882100.0
2025-10-31,09:33:24.000,860.5,860.8,1038100.0,61882100.0
2025-10-31,09:33:25.000,860.5,860.8,1038100.0,61882100.0
2025-10-31,09:33:26.000,860.5,860.8,1038100.0,61882100.0
2025-10-31,09:33:27.000,860.5,860.8,1038100.0,61882100.0
2025-10-31,09:33:28.000,860.5,860.8,1038100.0,61882100.0
2025-10-31,09:33:29.000,860.5,860.8,1038100.0,61882100.0
2025-10-31,09:33:30.000,860.5,860.8,1038100.0,61882100.0
2025-10-31,09:33:31.000,860.5,860.8,1038100.0,61882100.0
2025-10-31,09:33:32.000,860.5,860.8,1038100.0,61882100.0
2025-10-31,09:33:33.000,860.5,860.8,1038100.0,61882100.0
2025-10-31,09:33:34.000,860.5,860.8,1038100.0,61882100.0
2025-10-31,09:33:35.000,860.5,860.8,1038100.0,61882100.0
2025-10-31,09:33:36.000,860.5,860.8,1038100.0,61882100.0
2025-10-31,09:33:37.000,860.5,860.8,1038100.0,61882100.0
2025-10-31,09:33:38.000,860.5,860.8,1038100.0,61882100.0
2025-10-31,09:33:39.000,860.5,860.8,1038100.0,61882100.0
2025-10-31,09:33:40.000,860.5,860.8,1038100.0,61882100.0
2025-10-31,09:33:41.000,860.5,860.8,1038100.0,61882100.0
2025-10-31,09:33:42.000,860.5,860.8,1038100.0,61882100.0
2025-10-31,09:33:43.000,860.35,860.75,1043000.0,61899600.0
2025-10-31,09:33:44.000,860.35,860.75,1043000.0,61899600.0
2025-10-31,09:33:45.000,860.35,860.75,1043000.0,61899600.0
2025-10-31,09:33:46.000,860.35,860.75,1043000.0,61899600.0
2025-10-31,09:33:47.000,860.35,860.75,1043000.0,61899600.0
2025-10-31,09:33:48.000,860.35,860.75,1043000.0,61899600.0
2025-10-31,09:33:49.000,860.35,860.75,1043000.0,61899600.0
2025-10-31,09:33:50.000,860.35,860.75,1043000.0,61899600.0
2025-10-31,09:33:51.000,860.35,860.75,1043000.0,61899600.0
2025-10-31,09:33:52.000,860.35,860.75,1043000.0,61899600.0
2025-10-31,09:33:53.000,860.35,860.75,1043000.0,61899600.0
2025-10-31,09:33:54.000,860.35,860.75,1043000.0,61899600.0
2025-10-31,09:33:55.000,860.35,860.75,1043000.0,61899600.0
2025-10-31,09:33:56.000,860.35,860.75,1043000.0,61899600.0
2025-10-31,09:33:57.000,860.35,860.75,1043000.0,61899600.0
2025-10-31,09:33:58.000,860.35,860.75,1043000.0,61899600.0
2025-10-31,09:33:59.000,860.35,860.75,1043000.0,61899600.0
2025-10-31,09:34:00.000,860.35,860.75,1043000.0,61899600.0
2025-10-31,09:34:01.000,860.35,860.75,1043000.0,61899600.0
2025-10-31,09:34:02.000,860.35,860.75,1043000.0,61899600.0
2025-10-31,09:34:03.000,860.35,860.75,1043000.0,61899600.0
2025-10-31,09:34:04.000,860.35,860.75,1043000.0,61899600.0
2025-10-31,09:34:05.000,860.35,860.75,1043000.0,61899600.0
2025-10-31,09:34:06.000,860.35,860.75,1043000.0,61899600.0
2025-10-31,09:34:07.000,860.35,860.75,1043000.0,61899600.0
2025-10-31,09:34:08.000,860.35,860.75,1043000.0,61899600.0
2025-10-31,09:34:09.000,860.35,860.75,1043000.0,61899600.0
2025-10-31,09:34:10.000,860.35,860.7,1069600.0,61899600.0
2025-10-31,09:34:11.000,860.35,860.7,1069600.0,61899600.0
2025-10-31,09:34:12.000,860.35,860.7,1069600.0,61899600.0
2025-10-31,09:34:13.000,860.35,860.7,1069600.0,61899600.0
2025-10-31,09:34:14.000,860.35,860.7,1069600.0,61899600.0
2025-10-31,09:34:15.000,860.35,860.7,1069600.0,61899600.0
2025-10-31,09:34:16.000,860.35,860.7,1069600.0,61899600.0
2025-10-31,09:34:17.000,860.35,860.7,1069600.0,61899600.0
2025-10-31,09:34:18.000,860.35,860.7,1069600.0,61899600.0
2025-10-31,09:34:19.000,860.35,860.7,1069600.0,61899600.0
2025-10-31,09:34:20.000,860.35,860.7,1069600.0,61899600.0
2025-10-31,09:34:21.000,860.35,860.7,1069600.0,61899600.0
2025-10-31,09:34:22.000,860.35,860.7,1069600.0,61899600.0
2025-10-31,09:34:23.000,860.35,860.7,1069600.0,61899600.0
2025-10-31,09:34:24.000,860.35,860.7,1069600.0,61899600.0
2025-10-31,09:34:25.000,860.35,860.7,1069600.0,61899600.0
2025-10-31,09:34:26.000,860.35,860.7,1069600.0,61899600.0
2025-10-31,09:34:27.000,860.35,860.7,1069600.0,61899600.0
2025-10-31,09:34:28.000,860.35,860.7,1069600.0,61899600.0
2025-10-31,09:34:29.000,860.35,860.7,1069600.0,61899600.0
2025-10-31,09:34:30.000,860.35,860.7,1069600.0,61899600.0
2025-10-31,09:34:31.000,860.35,860.7,1069600.0,61899600.0
2025-10-31,09:34:32.000,860.35,860.7,1069600.0,61899600.0
2025-10-31,09:34:33.000,860.35,860.7,1069600.0,61899600.0
2025-10-31,09:34:34.000,860.35,860.7,1069600.0,61899600.0
2025-10-31,09:34:35.000,860.35,860.7,1069600.0,61899600.0
2025-10-31,09:34:36.000,860.35,860.7,1069600.0,61899600.0
2025-10-31,09:34:37.000,860.35,860.7,1069600.0,61899600.0
2025-10-31,09:34:38.000,860.35,860.7,1069600.0,61899600.0
2025-10-31,09:34:39.000,860.05,860.55,1080800.0,61899600.0
2025-10-31,09:34:40.000,860.05,860.55,1080800.0,61899600.0
2025-10-31,09:34:41.000,860.05,860.55,1080800.0,61899600.0
2025-10-31,09:34:42.000,860.05,860.55,1080800.0,61899600.0
2025-10-31,09:34:43.000,860.05,860.55,1080800.0,61899600.0
2025-10-31,09:34:44.000,860.05,860.55,1080800.0,61899600.0
2025-10-31,09:34:45.000,860.05,860.55,1080800.0,61899600.0
2025-10-31,09:34:46.000,860.05,860.55,1080800.0,61899600.0
2025-10-31,09:34:47.000,860.05,860.55,1080800.0,61899600.0
2025-10-31,09:34:48.000,860.05,860.55,1080800.0,61899600.0
2025-10-31,09:34:49.000,860.05,860.55,1080800.0,61899600.0
2025-10-31,09:34:50.000,860.05,860.55,1080800.0,61899600.0
2025-10-31,09:34:51.000,860.05,860.55,1080800.0,61899600.0
2025-10-31,09:34:52.000,860.05,860.55,1080800.0,61899600.0
2025-10-31,09:34:53.000,860.05,860.55,1080800.0,61899600.0
2025-10-31,09:34:54.000,860.05,860.55,1080800.0,61899600.0
2025-10-31,09:34:55.000,860.05,860.55,1080800.0,61899600.0
2025-10-31,09:34:56.000,860.05,860.55,1080800.0,61899600.0
2025-10-31,09:34:57.000,860.05,860.55,1080800.0,61899600.0
2025-10-31,09:34:58.000,860.05,860.55,1080800.0,61899600.0
2025-10-31,09:34:59.000,860.05,860.55,1080800.0,61899600.0
2025-10-31,09:35:00.000,860.05,860.55,1080800.0,61899600.0
2025-10-31,09:35:01.000,860.05,860.55,1080800.0,61899600.0
2025-10-31,09:35:02.000,860.05,860.55,1080800.0,61899600.0
2025-10-31,09:35:03.000,860.05,860.55,1080800.0,61899600.0
2025-10-31,09:35:04.000,860.05,860.55,1080800.0,61899600.0
2025-10-31,09:35:05.000,860.05,860.55,1080800.0,61899600.0
2025-10-31,09:35:06.000,860.05,860.55,1080800.0,61899600.0
2025-10-31,09:35:07.000,860.05,860.55,1080800.0,61899600.0
2025-10-31,09:35:08.000,860.05,860.55,1080800.0,61899600.0
2025-10-31,09:35:09.000,859.5,859.85,1088500.0,61899600.0
2025-10-31,09:35:10.000,859.5,859.85,1088500.0,61899600.0
2025-10-31,09:35:11.000,859.5,859.85,1088500.0,61899600.0
2025-10-31,09:35:12.000,859.5,859.85,1088500.0,61899600.0
2025-10-31,09:35:13.000,859.5,859.85,1088500.0,61899600.0
2025-10-31,09:35:14.000,859.5,859.85,1088500.0,61899600.0
2025-10-31,09:35:15.000,859.5,859.85,1088500.0,61899600.0
2025-10-31,09:35:16.000,859.5,859.85,1088500.0,61899600.0
2025-10-31,09:35:17.000,859.5,859.85,1088500.0,61899600.0
2025-10-31,09:35:18.000,859.5,859.85,1088500.0,61899600.0
2025-10-31,09:35:19.000,859.5,859.85,1088500.0,61899600.0
2025-10-31,09:35:20.000,859.5,859.85,1088500.0,61899600.0
2025-10-31,09:35:21.000,859.5,859.85,1088500.0,61899600.0
2025-10-31,09:35:22.000,859.5,859.85,1088500.0,61899600.0
2025-10-31,09:35:23.000,859.5,859.85,1088500.0,61899600.0
2025-10-31,09:35:24.000,859.5,859.85,1088500.0,61899600.0
2025-10-31,09:35:25.000,859.5,859.85,1088500.0,61899600.0
2025-10-31,09:35:26.000,859.5,859.85,1088500.0,61899600.0
2025-10-31,09:35:27.000,859.5,859.85,1088500.0,61899600.0
2025-10-31,09:35:28.000,859.5,859.85,1088500.0,61899600.0
2025-10-31,09:35:29.000,859.5,859.85,1088500.0,61899600.0
2025-10-31,09:35:30.000,859.5,859.85,1088500.0,61899600.0
2025-10-31,09:35:31.000,859.5,859.85,1088500.0,61899600.0
2025-10-31,09:35:32.000,859.5,859.85,1088500.0,61899600.0
2025-10-31,09:35:33.000,859.5,859.85,1088500.0,61899600.0
2025-10-31,09:35:34.000,859.5,859.85,1088500.0,61899600.0
2025-10-31,09:35:35.000,859.5,859.85,1088500.0,61899600.0
2025-10-31,09:35:36.000,859.5,859.85,1088500.0,61899600.0
2025-10-31,09:35:37.000,859.2,859.65,1089900.0,61899600.0
2025-10-31,09:35:38.000,859.2,859.65,1089900.0,61899600.0
2025-10-31,09:35:39.000,859.2,859.65,1089900.0,61899600.0
2025-10-31,09:35:40.000,859.2,859.65,1089900.0,61899600.0
2025-10-31,09:35:41.000,859.2,859.65,1089900.0,61899600.0
2025-10-31,09:35:42.000,859.2,859.65,1089900.0,61899600.0
2025-10-31,09:35:43.000,859.2,859.65,1089900.0,61899600.0
2025-10-31,09:35:44.000,859.2,859.65,1089900.0,61899600.0
2025-10-31,09:35:45.000,859.2,859.65,1089900.0,61899600.0
2025-10-31,09:35:46.000,859.2,859.65,1089900.0,61899600.0
2025-10-31,09:35:47.000,859.2,859.65,1089900.0,61899600.0
2025-10-31,09:35:48.000,859.2,859.65,1089900.0,61899600.0
2025-10-31,09:35:49.000,859.2,859.65,1089900.0,61899600.0
2025-10-31,09:35:50.000,859.2,859.65,1089900.0,61899600.0
2025-10-31,09:35:51.000,859.2,859.65,1089900.0,61899600.0
2025-10-31,09:35:52.000,859.2,859.65,1089900.0,61899600.0
2025-10-31,09:35:53.000,859.2,859.65,1089900.0,61899600.0
2025-10-31,09:35:54.000,859.2,859.65,1089900.0,61899600.0
2025-10-31,09:35:55.000,859.2,859.65,1089900.0,61899600.0
2025-10-31,09:35:56.000,859.2,859.65,1089900.0,61899600.0
2025-10-31,09:35:57.000,859.2,859.65,1089900.0,61899600.0
2025-10-31,09:35:58.000,859.2,859.65,1089900.0,61899600.0
2025-10-31,09:35:59.000,859.2,859.65,1089900.0,61899600.0
2025-10-31,09:36:00.000,859.2,859.65,1089900.0,61899600.0
2025-10-31,09:36:01.000,859.2,859.65,1089900.0,61899600.0
2025-10-31,09:36:02.000,859.2,859.65,1089900.0,61899600.0
2025-10-31,09:36:03.000,859.2,859.65,1089900.0,61899600.0
2025-10-31,09:36:04.000,859.65,860.0,1099700.0,61899600.0
2025-10-31,09:36:05.000,859.65,860.0,1099700.0,61899600.0
2025-10-31,09:36:06.000,859.65,860.0,1099700.0,61899600.0
2025-10-31,09:36:07.000,859.65,860.0,1099700.0,61899600.0
2025-10-31,09:36:08.000,859.65,860.0,1099700.0,61899600.0
2025-10-31,09:36:09.000,859.65,860.0,1099700.0,61899600.0
2025-10-31,09:36:10.000,859.65,860.0,1099700.0,61899600.0
2025-10-31,09:36:11.000,859.65,860.0,1099700.0,61899600.0
2025-10-31,09:36:12.000,859.65,860.0,1099700.0,61899600.0
2025-10-31,09:36:13.000,859.65,860.0,1099700.0,61899600.0
2025-10-31,09:36:14.000,859.65,860.0,1099700.0,61899600.0
2025-10-31,09:36:15.000,859.65,860.0,1099700.0,61899600.0
2025-10-31,09:36:16.000,859.65,860.0,1099700.0,61899600.0
2025-10-31,09:36:17.000,859.65,860.0,1099700.0,61899600.0
2025-10-31,09:36:18.000,859.65,860.0,1099700.0,61899600.0
2025-10-31,09:36:19.000,859.65,860.0,1099700.0,61899600.0
2025-10-31,09:36:20.000,859.65,860.0,1099700.0,61899600.0
2025-10-31,09:36:21.000,859.65,860.0,1099700.0,61899600.0
2025-10-31,09:36:22.000,859.65,860.0,1099700.0,61899600.0
2025-10-31,09:36:23.000,859.65,860.0,1099700.0,61899600.0
2025-10-31,09:36:24.000,859.65,860.0,1099700.0,61899600.0
2025-10-31,09:36:25.000,859.65,860.0,1099700.0,61899600.0
2025-10-31,09:36:26.000,859.65,860.0,1099700.0,61899600.0
2025-10-31,09:36:27.000,859.65,860.0,1099700.0,61899600.0
2025-10-31,09:36:28.000,859.65,860.0,1099700.0,61899600.0
2025-10-31,09:36:29.000,859.65,860.0,1099700.0,61899600.0
2025-10-31,09:36:30.000,859.65,859.95,1099700.0,61899600.0
2025-10-31,09:36:31.000,859.65,859.95,1099700.0,61899600.0
2025-10-31,09:36:32.000,859.65,859.95,1099700.0,61899600.0
2025-10-31,09:36:33.000,859.65,859.95,1099700.0,61899600.0
2025-10-31,09:36:34.000,859.65,859.95,1099700.0,61899600.0
2025-10-31,09:36:35.000,859.65,859.95,1099700.0,61899600.0
2025-10-31,09:36:36.000,859.65,859.95,1099700.0,61899600.0
2025-10-31,09:36:37.000,859.65,859.95,1099700.0,61899600.0
2025-10-31,09:36:38.000,859.65,859.95,1099700.0,61899600.0
2025-10-31,09:36:39.000,859.65,859.95,1099700.0,61899600.0
2025-10-31,09:36:40.000,859.65,859.95,1099700.0,61899600.0
2025-10-31,09:36:41.000,859.65,859.95,1099700.0,61899600.0
2025-10-31,09:36:42.000,859.65,859.95,1099700.0,61899600.0
2025-10-31,09:36:43.000,859.65,859.95,1099700.0,61899600.0
2025-10-31,09:36:44.000,859.65,859.95,1099700.0,61899600.0
2025-10-31,09:36:45.000,859.65,859.95,1099700.0,61899600.0
2025-10-31,09:36:46.000,859.65,859.95,1099700.0,61899600.0
2025-10-31,09:36:47.000,859.65,859.95,1099700.0,61899600.0
2025-10-31,09:36:48.000,859.65,859.95,1099700.0,61899600.0
2025-10-31,09:36:49.000,859.65,859.95,1099700.0,61899600.0
2025-10-31,09:36:50.000,859.65,859.95,1099700.0,61899600.0
2025-10-31,09:36:51.000,859.65,859.95,1099700.0,61899600.0
2025-10-31,09:36:52.000,859.65,859.95,1099700.0,61899600.0
2025-10-31,09:36:53.000,859.65,859.95,1099700.0,61899600.0
2025-10-31,09:36:54.000,859.65,859.95,1099700.0,61899600.0
2025-10-31,09:36:55.000,859.65,859.95,1099700.0,61899600.0
2025-10-31,09:36:56.000,859.65,859.95,1099700.0,61899600.0
2025-10-31,09:36:57.000,859.65,859.95,1099700.0,61899600.0
2025-10-31,09:36:58.000,859.65,859.95,1099700.0,61899600.0
2025-10-31,09:36:59.000,859.65,859.95,1099700.0,61899600.0
2025-10-31,09:37:00.000,860.0,860.5,1110200.0,61916400.0
2025-10-31,09:37:01.000,860.0,860.5,1110200.0,61916400.0
2025-10-31,09:37:02.000,860.0,860.5,1110200.0,61916400.0
2025-10-31,09:37:03.000,860.0,860.5,1110200.0,61916400.0
2025-10-31,09:37:04.000,860.0,860.5,1110200.0,61916400.0
2025-10-31,09:37:05.000,860.0,860.5,1110200.0,61916400.0
2025-10-31,09:37:06.000,860.0,860.5,1110200.0,61916400.0
2025-10-31,09:37:07.000,860.0,860.5,1110200.0,61916400.0
2025-10-31,09:37:08.000,860.0,860.5,1110200.0,61916400.0
2025-10-31,09:37:09.000,860.0,860.5,1110200.0,61916400.0
2025-10-31,09:37:10.000,860.0,860.5,1110200.0,61916400.0
2025-10-31,09:37:11.000,860.0,860.5,1110200.0,61916400.0
2025-10-31,09:37:12.000,860.0,860.5,1110200.0,61916400.0
2025-10-31,09:37:13.000,860.0,860.5,1110200.0,61916400.0
2025-10-31,09:37:14.000,860.0,860.5,1110200.0,61916400.0
2025-10-31,09:37:15.000,860.0,860.5,1110200.0,61916400.0
2025-10-31,09:37:16.000,860.0,860.5,1110200.0,61916400.0
2025-10-31,09:37:17.000,860.0,860.5,1110200.0,61916400.0
2025-10-31,09:37:18.000,860.0,860.5,1110200.0,61916400.0
2025-10-31,09:37:19.000,860.0,860.5,1110200.0,61916400.0
2025-10-31,09:37:20.000,860.0,860.5,1110200.0,61916400.0
2025-10-31,09:37:21.000,860.0,860.5,1110200.0,61916400.0
2025-10-31,09:37:22.000,860.0,860.5,1110200.0,61916400.0
2025-10-31,09:37:23.000,860.0,860.5,1110200.0,61916400.0
2025-10-31,09:37:24.000,860.0,860.5,1110200.0,61916400.0
2025-10-31,09:37:25.000,860.0,860.5,1110200.0,61916400.0
2025-10-31,09:37:26.000,860.0,860.5,1110200.0,61916400.0
2025-10-31,09:37:27.000,860.0,860.45,1132600.0,61916400.0
2025-10-31,09:37:28.000,860.0,860.45,1132600.0,61916400.0
2025-10-31,09:37:29.000,860.0,860.45,1132600.0,61916400.0
2025-10-31,09:37:30.000,860.0,860.45,1132600.0,61916400.0
2025-10-31,09:37:31.000,860.0,860.45,1132600.0,61916400.0
2025-10-31,09:37:32.000,860.0,860.45,1132600.0,61916400.0
2025-10-31,09:37:33.000,860.0,860.45,1132600.0,61916400.0
2025-10-31,09:37:34.000,860.0,860.45,1132600.0,61916400.0
2025-10-31,09:37:35.000,860.0,860.45,1132600.0,61916400.0
2025-10-31,09:37:36.000,860.0,860.45,1132600.0,61916400.0
2025-10-31,09:37:37.000,860.0,860.45,1132600.0,61916400.0
2025-10-31,09:37:38.000,860.0,860.45,1132600.0,61916400.0
2025-10-31,09:37:39.000,860.0,860.45,1132600.0,61916400.0
2025-10-31,09:37:40.000,860.0,860.45,1132600.0,61916400.0
2025-10-31,09:37:41.000,860.0,860.45,1132600.0,61916400.0
2025-10-31,09:37:42.000,860.0,860.45,1132600.0,61916400.0
2025-10-31,09:37:43.000,860.0,860.45,1132600.0,61916400.0
2025-10-31,09:37:44.000,860.0,860.45,1132600.0,61916400.0
2025-10-31,09:37:45.000,860.0,860.45,1132600.0,61916400.0
2025-10-31,09:37:46.000,860.0,860.45,1132600.0,61916400.0
2025-10-31,09:37:47.000,860.0,860.45,1132600.0,61916400.0
2025-10-31,09:37:48.000,860.0,860.45,1132600.0,61916400.0
2025-10-31,09:37:49.000,860.0,860.45,1132600.0,61916400.0
2025-10-31,09:37:50.000,860.0,860.45,1132600.0,61916400.0
2025-10-31,09:37:51.000,860.0,860.45,1132600.0,61916400.0
2025-10-31,09:37:52.000,860.0,860.45,1132600.0,61916400.0
2025-10-31,09:37:53.000,860.2,860.55,1137500.0,61916400.0
2025-10-31,09:37:54.000,860.2,860.55,1137500.0,61916400.0
2025-10-31,09:37:55.000,860.2,860.55,1137500.0,61916400.0
2025-10-31,09:37:56.000,860.2,860.55,1137500.0,61916400.0
2025-10-31,09:37:57.000,860.2,860.55,1137500.0,61916400.0
2025-10-31,09:37:58.000,860.2,860.55,1137500.0,61916400.0
2025-10-31,09:37:59.000,860.2,860.55,1137500.0,61916400.0
2025-10-31,09:38:00.000,860.2,860.55,1137500.0,61916400.0
2025-10-31,09:38:01.000,860.2,860.55,1137500.0,61916400.0
2025-10-31,09:38:02.000,860.2,860.55,1137500.0,61916400.0
2025-10-31,09:38:03.000,860.2,860.55,1137500.0,61916400.0
2025-10-31,09:38:04.000,860.2,860.55,1137500.0,61916400.0
2025-10-31,09:38:05.000,860.2,860.55,1137500.0,61916400.0
2025-10-31,09:38:06.000,860.2,860.55,1137500.0,61916400.0
2025-10-31,09:38:07.000,860.2,860.55,1137500.0,61916400.0
2025-10-31,09:38:08.000,860.2,860.55,1137500.0,61916400.0
2025-10-31,09:38:09.000,860.2,860.55,1137500.0,61916400.0
2025-10-31,09:38:10.000,860.2,860.55,1137500.0,61916400.0
2025-10-31,09:38:11.000,860.2,860.55,1137500.0,61916400.0
2025-10-31,09:38:12.000,860.2,860.55,1137500.0,61916400.0
2025-10-31,09:38:13.000,860.2,860.55,1137500.0,61916400.0
2025-10-31,09:38:14.000,860.2,860.55,1137500.0,61916400.0
2025-10-31,09:38:15.000,860.2,860.55,1137500.0,61916400.0
2025-10-31,09:38:16.000,860.2,860.55,1137500.0,61916400.0
2025-10-31,09:38:17.000,860.2,860.55,1137500.0,61916400.0
2025-10-31,09:38:18.000,860.2,860.55,1137500.0,61916400.0
2025-10-31,09:38:19.000,860.45,860.85,1145200.0,61916400.0
2025-10-31,09:38:20.000,860.45,860.85,1145200.0,61916400.0
2025-10-31,09:38:21.000,860.45,860.85,1145200.0,61916400.0
2025-10-31,09:38:22.000,860.45,860.85,1145200.0,61916400.0
2025-10-31,09:38:23.000,860.45,860.85,1145200.0,61916400.0
2025-10-31,09:38:24.000,860.45,860.85,1145200.0,61916400.0
2025-10-31,09:38:25.000,860.45,860.85,1145200.0,61916400.0
2025-10-31,09:38:26.000,860.45,860.85,1145200.0,61916400.0
2025-10-31,09:38:27.000,860.45,860.85,1145200.0,61916400.0
2025-10-31,09:38:28.000,860.45,860.85,1145200.0,61916400.0
2025-10-31,09:38:29.000,860.45,860.85,1145200.0,61916400.0
2025-10-31,09:38:30.000,860.45,860.85,1145200.0,61916400.0
2025-10-31,09:38:31.000,860.45,860.85,1145200.0,61916400.0
2025-10-31,09:38:32.000,860.45,860.85,1145200.0,61916400.0
2025-10-31,09:38:33.000,860.45,860.85,1145200.0,61916400.0
2025-10-31,09:38:34.000,860.45,860.85,1145200.0,61916400.0
2025-10-31,09:38:35.000,860.45,860.85,1145200.0,61916400.0
2025-10-31,09:38:36.000,860.45,860.85,1145200.0,61916400.0
2025-10-31,09:38:37.000,860.45,860.85,1145200.0,61916400.0
2025-10-31,09:38:38.000,860.45,860.85,1145200.0,61916400.0
2025-10-31,09:38:39.000,860.45,860.85,1145200.0,61916400.0
2025-10-31,09:38:40.000,860.45,860.85,1145200.0,61916400.0
2025-10-31,09:38:41.000,860.45,860.85,1145200.0,61916400.0
2025-10-31,09:38:42.000,860.45,860.85,1145200.0,61916400.0
2025-10-31,09:38:43.000,860.45,860.85,1145200.0,61916400.0
2025-10-31,09:38:44.000,860.45,860.85,1145200.0,61916400.0
2025-10-31,09:38:45.000,860.45,860.85,1145200.0,61916400.0
2025-10-31,09:38:46.000,860.45,860.85,1145200.0,61916400.0
2025-10-31,09:38:47.000,860.45,860.85,1145200.0,61916400.0
2025-10-31,09:38:48.000,860.45,860.85,1145200.0,61916400.0
2025-10-31,09:38:49.000,860.45,860.85,1145200.0,61916400.0
2025-10-31,09:38:50.000,860.45,860.85,1145200.0,61916400.0
2025-10-31,09:38:51.000,860.15,860.5,1152900.0,61916400.0
2025-10-31,09:38:52.000,860.15,860.5,1152900.0,61916400.0
2025-10-31,09:38:53.000,860.15,860.5,1152900.0,61916400.0
2025-10-31,09:38:54.000,860.15,860.5,1152900.0,61916400.0
2025-10-31,09:38:55.000,860.15,860.5,1152900.0,61916400.0
2025-10-31,09:38:56.000,860.15,860.5,1152900.0,61916400.0
2025-10-31,09:38:57.000,860.15,860.5,1152900.0,61916400.0
2025-10-31,09:38:58.000,860.15,860.5,1152900.0,61916400.0
2025-10-31,09:38:59.000,860.15,860.5,1152900.0,61916400.0
2025-10-31,09:39:00.000,860.15,860.5,1152900.0,61916400.0
2025-10-31,09:39:01.000,860.15,860.5,1152900.0,61916400.0
2025-10-31,09:39:02.000,860.15,860.5,1152900.0,61916400.0
2025-10-31,09:39:03.000,860.15,860.5,1152900.0,61916400.0
2025-10-31,09:39:04.000,860.15,860.5,1152900.0,61916400.0
2025-10-31,09:39:05.000,860.15,860.5,1152900.0,61916400.0
2025-10-31,09:39:06.000,860.15,860.5,1152900.0,61916400.0
2025-10-31,09:39:07.000,860.15,860.5,1152900.0,61916400.0
2025-10-31,09:39:08.000,860.15,860.5,1152900.0,61916400.0
2025-10-31,09:39:09.000,860.15,860.5,1152900.0,61916400.0
2025-10-31,09:39:10.000,860.15,860.5,1152900.0,61916400.0
2025-10-31,09:39:11.000,860.15,860.5,1152900.0,61916400.0
2025-10-31,09:39:12.000,860.15,860.5,1152900.0,61916400.0
2025-10-31,09:39:13.000,860.15,860.5,1152900.0,61916400.0
2025-10-31,09:39:14.000,860.15,860.5,1152900.0,61916400.0
2025-10-31,09:39:15.000,860.15,860.5,1152900.0,61916400.0
2025-10-31,09:39:16.000,860.15,860.5,1152900.0,61916400.0
2025-10-31,09:39:17.000,860.15,860.5,1152900.0,61916400.0
2025-10-31,09:39:18.000,860.15,860.5,1152900.0,61916400.0
2025-10-31,09:39:19.000,860.15,860.5,1152900.0,61916400.0
2025-10-31,09:39:20.000,860.15,860.5,1152900.0,61916400.0
2025-10-31,09:39:21.000,859.65,860.15,1155700.0,61916400.0
2025-10-31,09:39:22.000,859.65,860.15,1155700.0,61916400.0
2025-10-31,09:39:23.000,859.65,860.15,1155700.0,61916400.0
2025-10-31,09:39:24.000,859.65,860.15,1155700.0,61916400.0
2025-10-31,09:39:25.000,859.65,860.15,1155700.0,61916400.0
2025-10-31,09:39:26.000,859.65,860.15,1155700.0,61916400.0
2025-10-31,09:39:27.000,859.65,860.15,1155700.0,61916400.0
2025-10-31,09:39:28.000,859.65,860.15,1155700.0,61916400.0
2025-10-31,09:39:29.000,859.65,860.15,1155700.0,61916400.0
2025-10-31,09:39:30.000,859.65,860.15,1155700.0,61916400.0
2025-10-31,09:39:31.000,859.65,860.15,1155700.0,61916400.0
2025-10-31,09:39:32.000,859.65,860.15,1155700.0,61916400.0
2025-10-31,09:39:33.000,859.65,860.15,1155700.0,61916400.0
2025-10-31,09:39:34.000,859.65,860.15,1155700.0,61916400.0
2025-10-31,09:39:35.000,859.65,860.15,1155700.0,61916400.0
2025-10-31,09:39:36.000,859.65,860.15,1155700.0,61916400.0
2025-10-31,09:39:37.000,859.65,860.15,1155700.0,61916400.0
2025-10-31,09:39:38.000,859.65,860.15,1155700.0,61916400.0
2025-10-31,09:39:39.000,859.65,860.15,1155700.0,61916400.0
2025-10-31,09:39:40.000,859.65,860.15,1155700.0,61916400.0
2025-10-31,09:39:41.000,859.65,860.15,1155700.0,61916400.0
2025-10-31,09:39:42.000,859.65,860.15,1155700.0,61916400.0
2025-10-31,09:39:43.000,859.65,860.15,1155700.0,61916400.0
2025-10-31,09:39:44.000,859.65,860.15,1155700.0,61916400.0
2025-10-31,09:39:45.000,859.65,860.15,1155700.0,61916400.0
2025-10-31,09:39:46.000,859.65,860.15,1155700.0,61916400.0
2025-10-31,09:39:47.000,859.65,860.15,1155700.0,61916400.0
2025-10-31,09:39:48.000,859.65,860.15,1155700.0,61916400.0
2025-10-31,09:39:49.000,859.65,860.15,1155700.0,61916400.0
2025-10-31,09:39:50.000,859.65,860.15,1155700.0,61916400.0
2025-10-31,09:39:51.000,859.65,860.15,1155700.0,61916400.0
2025-10-31,09:39:52.000,859.65,860.15,1155700.0,61916400.0
2025-10-31,09:39:53.000,859.5,859.85,1157100.0,61916400.0
2025-10-31,09:39:54.000,859.5,859.85,1157100.0,61916400.0
2025-10-31,09:39:55.000,859.5,859.85,1157100.0,61916400.0
2025-10-31,09:39:56.000,859.5,859.85,1157100.0,61916400.0
2025-10-31,09:39:57.000,859.5,859.85,1157100.0,61916400.0
2025-10-31,09:39:58.000,859.5,859.85,1157100.0,61916400.0
2025-10-31,09:39:59.000,859.5,859.85,1157100.0,61916400.0
2025-10-31,09:40:00.000,859.5,859.85,1157100.0,61916400.0
2025-10-31,09:40:01.000,859.5,859.85,1157100.0,61916400.0
2025-10-31,09:40:02.000,859.5,859.85,1157100.0,61916400.0
2025-10-31,09:40:03.000,859.5,859.85,1157100.0,61916400.0
2025-10-31,09:40:04.000,859.5,859.85,1157100.0,61916400.0
2025-10-31,09:40:05.000,859.5,859.85,1157100.0,61916400.0
2025-10-31,09:40:06.000,859.5,859.85,1157100.0,61916400.0
2025-10-31,09:40:07.000,859.5,859.85,1157100.0,61916400.0
2025-10-31,09:40:08.000,859.5,859.85,1157100.0,61916400.0
2025-10-31,09:40:09.000,859.5,859.85,1157100.0,61916400.0
2025-10-31,09:40:10.000,859.5,859.85,1157100.0,61916400.0
2025-10-31,09:40:11.000,859.5,859.85,1157100.0,61916400.0
2025-10-31,09:40:12.000,859.5,859.85,1157100.0,61916400.0
2025-10-31,09:40:13.000,859.5,859.85,1157100.0,61916400.0
2025-10-31,09:40:14.000,859.5,859.85,1157100.0,61916400.0
2025-10-31,09:40:15.000,859.5,859.85,1157100.0,61916400.0
2025-10-31,09:40:16.000,859.5,859.85,1157100.0,61916400.0
2025-10-31,09:40:17.000,859.5,859.85,1157100.0,61916400.0
2025-10-31,09:40:18.000,859.5,859.85,1157100.0,61916400.0
2025-10-31,09:40:19.000,859.5,859.85,1157100.0,61916400.0
2025-10-31,09:40:20.000,859.5,859.8,1159200.0,61930400.0
2025-10-31,09:40:21.000,859.5,859.8,1159200.0,61930400.0
2025-10-31,09:40:22.000,859.5,859.8,1159200.0,61930400.0
2025-10-31,09:40:23.000,859.5,859.8,1159200.0,61930400.0
2025-10-31,09:40:24.000,859.5,859.8,1159200.0,61930400.0
2025-10-31,09:40:25.000,859.5,859.8,1159200.0,61930400.0
2025-10-31,09:40:26.000,859.5,859.8,1159200.0,61930400.0
2025-10-31,09:40:27.000,859.5,859.8,1159200.0,61930400.0
2025-10-31,09:40:28.000,859.5,859.8,1159200.0,61930400.0
2025-10-31,09:40:29.000,859.5,859.8,1159200.0,61930400.0
2025-10-31,09:40:30.000,859.5,859.8,1159200.0,61930400.0
2025-10-31,09:40:31.000,859.5,859.8,1159200.0,61930400.0
2025-10-31,09:40:32.000,859.5,859.8,1159200.0,61930400.0
2025-10-31,09:40:33.000,859.5,859.8,1159200.0,61930400.0
2025-10-31,09:40:34.000,859.5,859.8,1159200.0,61930400.0
2025-10-31,09:40:35.000,859.5,859.8,1159200.0,61930400.0
2025-10-31,09:40:36.000,859.5,859.8,1159200.0,61930400.0
2025-10-31,09:40:37.000,859.5,859.8,1159200.0,61930400.0
2025-10-31,09:40:38.000,859.5,859.8,1159200.0,61930400.0
2025-10-31,09:40:39.000,859.5,859.8,1159200.0,61930400.0
2025-10-31,09:40:40.000,859.5,859.8,1159200.0,61930400.0
2025-10-31,09:40:41.000,859.5,859.8,1159200.0,61930400.0
2025-10-31,09:40:42.000,859.5,859.8,1159200.0,61930400.0
2025-10-31,09:40:43.000,859.5,859.8,1159200.0,61930400.0
2025-10-31,09:40:44.000,859.5,859.8,1159200.0,61930400.0
2025-10-31,09:40:45.000,859.5,859.8,1159200.0,61930400.0
2025-10-31,09:40:46.000,859.5,859.8,1159200.0,61930400.0
2025-10-31,09:40:47.000,859.5,859.8,1159200.0,61930400.0
2025-10-31,09:40:48.000,859.5,859.8,1159200.0,61930400.0
2025-10-31,09:40:49.000,859.5,859.8,1159900.0,61930400.0
2025-10-31,09:40:50.000,859.5,859.8,1159900.0,61930400.0
2025-10-31,09:40:51.000,859.5,859.8,1159900.0,61930400.0
2025-10-31,09:40:52.000,859.5,859.8,1159900.0,61930400.0
2025-10-31,09:40:53.000,859.5,859.8,1159900.0,61930400.0
2025-10-31,09:40:54.000,859.5,859.8,1159900.0,61930400.0
2025-10-31,09:40:55.000,859.5,859.8,1159900.0,61930400.0
2025-10-31,09:40:56.000,859.5,859.8,1159900.0,61930400.0
2025-10-31,09:40:57.000,859.5,859.8,1159900.0,61930400.0
2025-10-31,09:40:58.000,859.5,859.8,1159900.0,61930400.0
2025-10-31,09:40:59.000,859.5,859.8,1159900.0,61930400.0
2025-10-31,09:41:00.000,859.5,859.8,1159900.0,61930400.0
2025-10-31,09:41:01.000,859.5,859.8,1159900.0,61930400.0
2025-10-31,09:41:02.000,859.5,859.8,1159900.0,61930400.0
2025-10-31,09:41:03.000,859.5,859.8,1159900.0,61930400.0
2025-10-31,09:41:04.000,859.5,859.8,1159900.0,61930400.0
2025-10-31,09:41:05.000,859.5,859.8,1159900.0,61930400.0
2025-10-31,09:41:06.000,859.5,859.8,1159900.0,61930400.0
2025-10-31,09:41:07.000,859.5,859.8,1159900.0,61930400.0
2025-10-31,09:41:08.000,859.5,859.8,1159900.0,61930400.0
2025-10-31,09:41:09.000,859.5,859.8,1159900.0,61930400.0
2025-10-31,09:41:10.000,859.5,859.8,1159900.0,61930400.0
2025-10-31,09:41:11.000,859.5,859.8,1159900.0,61930400.0
2025-10-31,09:41:12.000,859.5,859.8,1159900.0,61930400.0
2025-10-31,09:41:13.000,859.5,859.8,1159900.0,61930400.0
2025-10-31,09:41:14.000,859.5,859.8,1159900.0,61930400.0
2025-10-31,09:41:15.000,859.5,859.8,1159900.0,61930400.0
2025-10-31,09:41:16.000,859.5,859.8,1159900.0,61930400.0
2025-10-31,09:41:17.000,859.5,859.8,1159900.0,61930400.0
2025-10-31,09:41:18.000,859.5,859.8,1159900.0,61930400.0
2025-10-31,09:41:19.000,859.5,859.8,1159900.0,61930400.0
2025-10-31,09:41:20.000,859.75,860.0,1160600.0,61930400.0
2025-10-31,09:41:21.000,859.75,860.0,1160600.0,61930400.0
2025-10-31,09:41:22.000,859.75,860.0,1160600.0,61930400.0
2025-10-31,09:41:23.000,859.75,860.0,1160600.0,61930400.0
2025-10-31,09:41:24.000,859.75,860.0,1160600.0,61930400.0
2025-10-31,09:41:25.000,859.75,860.0,1160600.0,61930400.0
2025-10-31,09:41:26.000,859.75,860.0,1160600.0,61930400.0
2025-10-31,09:41:27.000,859.75,860.0,1160600.0,61930400.0
2025-10-31,09:41:28.000,859.75,860.0,1160600.0,61930400.0
2025-10-31,09:41:29.000,859.75,860.0,1160600.0,61930400.0
2025-10-31,09:41:30.000,859.75,860.0,1160600.0,61930400.0
2025-10-31,09:41:31.000,859.75,860.0,1160600.0,61930400.0
2025-10-31,09:41:32.000,859.75,860.0,1160600.0,61930400.0
2025-10-31,09:41:33.000,859.75,860.0,1160600.0,61930400.0
2025-10-31,09:41:34.000,859.75,860.0,1160600.0,61930400.0
2025-10-31,09:41:35.000,859.75,860.0,1160600.0,61930400.0
2025-10-31,09:41:36.000,859.75,860.0,1160600.0,61930400.0
2025-10-31,09:41:37.000,859.75,860.0,1160600.0,61930400.0
2025-10-31,09:41:38.000,859.75,860.0,1160600.0,61930400.0
2025-10-31,09:41:39.000,859.75,860.0,1160600.0,61930400.0
2025-10-31,09:41:40.000,859.75,860.0,1160600.0,61930400.0
2025-10-31,09:41:41.000,859.75,860.0,1160600.0,61930400.0
2025-10-31,09:41:42.000,859.75,860.0,1160600.0,61930400.0
2025-10-31,09:41:43.000,859.75,860.0,1160600.0,61930400.0
2025-10-31,09:41:44.000,859.75,860.0,1160600.0,61930400.0
2025-10-31,09:41:45.000,859.75,860.0,1160600.0,61930400.0
2025-10-31,09:41:46.000,859.75,860.0,1160600.0,61930400.0
2025-10-31,09:41:47.000,859.75,860.0,1160600.0,61930400.0
2025-10-31,09:41:48.000,859.75,860.0,1160600.0,61930400.0
2025-10-31,09:41:49.000,859.75,860.0,1160600.0,61930400.0
2025-10-31,09:41:50.000,859.75,860.0,1160600.0,61930400.0
2025-10-31,09:41:51.000,859.95,860.4,1165500.0,61930400.0
2025-10-31,09:41:52.000,859.95,860.4,1165500.0,61930400.0
2025-10-31,09:41:53.000,859.95,860.4,1165500.0,61930400.0
2025-10-31,09:41:54.000,859.95,860.4,1165500.0,61930400.0
2025-10-31,09:41:55.000,859.95,860.4,1165500.0,61930400.0
2025-10-31,09:41:56.000,859.95,860.4,1165500.0,61930400.0
2025-10-31,09:41:57.000,859.95,860.4,1165500.0,61930400.0
2025-10-31,09:41:58.000,859.95,860.4,1165500.0,61930400.0
2025-10-31,09:41:59.000,859.95,860.4,1165500.0,61930400.0
2025-10-31,09:42:00.000,859.95,860.4,1165500.0,61930400.0
2025-10-31,09:42:01.000,859.95,860.4,1165500.0,61930400.0
2025-10-31,09:42:02.000,859.95,860.4,1165500.0,61930400.0
2025-10-31,09:42:03.000,859.95,860.4,1165500.0,61930400.0
2025-10-31,09:42:04.000,859.95,860.4,1165500.0,61930400.0
2025-10-31,09:42:05.000,859.95,860.4,1165500.0,61930400.0
2025-10-31,09:42:06.000,859.95,860.4,1165500.0,61930400.0
2025-10-31,09:42:07.000,859.95,860.4,1165500.0,61930400.0
2025-10-31,09:42:08.000,859.95,860.4,1165500.0,61930400.0
2025-10-31,09:42:09.000,859.95,860.4,1165500.0,61930400.0
2025-10-31,09:42:10.000,859.95,860.4,1165500.0,61930400.0
2025-10-31,09:42:11.000,859.95,860.4,1165500.0,61930400.0
2025-10-31,09:42:12.000,859.95,860.4,1165500.0,61930400.0
2025-10-31,09:42:13.000,859.95,860.4,1165500.0,61930400.0
2025-10-31,09:42:14.000,859.95,860.4,1165500.0,61930400.0
2025-10-31,09:42:15.000,859.95,860.4,1165500.0,61930400.0
2025-10-31,09:42:16.000,859.95,860.4,1165500.0,61930400.0
2025-10-31,09:42:17.000,859.95,860.4,1165500.0,61930400.0
2025-10-31,09:42:18.000,859.95,860.4,1165500.0,61930400.0
2025-10-31,09:42:19.000,860.75,861.0,1177400.0,61930400.0
2025-10-31,09:42:20.000,860.75,861.0,1177400.0,61930400.0
2025-10-31,09:42:21.000,860.75,861.0,1177400.0,61930400.0
2025-10-31,09:42:22.000,860.75,861.0,1177400.0,61930400.0
2025-10-31,09:42:23.000,860.75,861.0,1177400.0,61930400.0
2025-10-31,09:42:24.000,860.75,861.0,1177400.0,61930400.0
2025-10-31,09:42:25.000,860.75,861.0,1177400.0,61930400.0
2025-10-31,09:42:26.000,860.75,861.0,1177400.0,61930400.0
2025-10-31,09:42:27.000,860.75,861.0,1177400.0,61930400.0
2025-10-31,09:42:28.000,860.75,861.0,1177400.0,61930400.0
2025-10-31,09:42:29.000,860.75,861.0,1177400.0,61930400.0
2025-10-31,09:42:30.000,860.75,861.0,1177400.0,61930400.0
2025-10-31,09:42:31.000,860.75,861.0,1177400.0,61930400.0
2025-10-31,09:42:32.000,860.75,861.0,1177400.0,61930400.0
2025-10-31,09:42:33.000,860.75,861.0,1177400.0,61930400.0
2025-10-31,09:42:34.000,860.75,861.0,1177400.0,61930400.0
2025-10-31,09:42:35.000,860.75,861.0,1177400.0,61930400.0
2025-10-31,09:42:36.000,860.75,861.0,1177400.0,61930400.0
2025-10-31,09:42:37.000,860.75,861.0,1177400.0,61930400.0
2025-10-31,09:42:38.000,860.75,861.0,1177400.0,61930400.0
2025-10-31,09:42:39.000,860.75,861.0,1177400.0,61930400.0
2025-10-31,09:42:40.000,860.75,861.0,1177400.0,61930400.0
2025-10-31,09:42:41.000,860.75,861.0,1177400.0,61930400.0
2025-10-31,09:42:42.000,860.75,861.0,1177400.0,61930400.0
2025-10-31,09:42:43.000,860.75,861.0,1177400.0,61930400.0
2025-10-31,09:42:44.000,860.75,861.0,1177400.0,61930400.0
2025-10-31,09:42:45.000,860.75,861.0,1177400.0,61930400.0
2025-10-31,09:42:46.000,860.75,861.0,1177400.0,61930400.0
2025-10-31,09:42:47.000,860.75,861.0,1177400.0,61930400.0
2025-10-31,09:42:48.000,860.75,861.0,1177400.0,61930400.0
2025-10-31,09:42:49.000,861.1,861.6,1216600.0,61901000.0
2025-10-31,09:42:50.000,861.1,861.6,1216600.0,61901000.0
2025-10-31,09:42:51.000,861.1,861.6,1216600.0,61901000.0
2025-10-31,09:42:52.000,861.1,861.6,1216600.0,61901000.0
2025-10-31,09:42:53.000,861.1,861.6,1216600.0,61901000.0
2025-10-31,09:42:54.000,861.1,861.6,1216600.0,61901000.0
2025-10-31,09:42:55.000,861.1,861.6,1216600.0,61901000.0
2025-10-31,09:42:56.000,861.1,861.6,1216600.0,61901000.0
2025-10-31,09:42:57.000,861.1,861.6,1216600.0,61901000.0
2025-10-31,09:42:58.000,861.1,861.6,1216600.0,61901000.0
2025-10-31,09:42:59.000,861.1,861.6,1216600.0,61901000.0
2025-10-31,09:43:00.000,861.1,861.6,1216600.0,61901000.0
2025-10-31,09:43:01.000,861.1,861.6,1216600.0,61901000.0
2025-10-31,09:43:02.000,861.1,861.6,1216600.0,61901000.0
2025-10-31,09:43:03.000,861.1,861.6,1216600.0,61901000.0
2025-10-31,09:43:04.000,861.1,861.6,1216600.0,61901000.0
2025-10-31,09:43:05.000,861.1,861.6,1216600.0,61901000.0
2025-10-31,09:43:06.000,861.1,861.6,1216600.0,61901000.0
2025-10-31,09:43:07.000,861.1,861.6,1216600.0,61901000.0
2025-10-31,09:43:08.000,861.1,861.6,1216600.0,61901000.0
2025-10-31,09:43:09.000,861.1,861.6,1216600.0,61901000.0
2025-10-31,09:43:10.000,861.1,861.6,1216600.0,61901000.0
2025-10-31,09:43:11.000,861.1,861.6,1216600.0,61901000.0
2025-10-31,09:43:12.000,861.1,861.6,1216600.0,61901000.0
2025-10-31,09:43:13.000,861.1,861.6,1216600.0,61901000.0
2025-10-31,09:43:14.000,861.1,861.6,1216600.0,61901000.0
2025-10-31,09:43:15.000,861.1,861.6,1216600.0,61901000.0
2025-10-31,09:43:16.000,861.1,861.6,1216600.0,61901000.0
2025-10-31,09:43:17.000,860.15,860.65,1229200.0,61901000.0
2025-10-31,09:43:18.000,860.15,860.65,1229200.0,61901000.0
2025-10-31,09:43:19.000,860.15,860.65,1229200.0,61901000.0
2025-10-31,09:43:20.000,860.15,860.65,1229200.0,61901000.0
2025-10-31,09:43:21.000,860.15,860.65,1229200.0,61901000.0
2025-10-31,09:43:22.000,860.15,860.65,1229200.0,61901000.0
2025-10-31,09:43:23.000,860.15,860.65,1229200.0,61901000.0
2025-10-31,09:43:24.000,860.15,860.65,1229200.0,61901000.0
2025-10-31,09:43:25.000,860.15,860.65,1229200.0,61901000.0
2025-10-31,09:43:26.000,860.15,860.65,1229200.0,61901000.0
2025-10-31,09:43:27.000,860.15,860.65,1229200.0,61901000.0
2025-10-31,09:43:28.000,860.15,860.65,1229200.0,61901000.0
2025-10-31,09:43:29.000,860.15,860.65,1229200.0,61901000.0
2025-10-31,09:43:30.000,860.15,860.65,1229200.0,61901000.0
2025-10-31,09:43:31.000,860.15,860.65,1229200.0,61901000.0
2025-10-31,09:43:32.000,860.15,860.65,1229200.0,61901000.0
2025-10-31,09:43:33.000,860.15,860.65,1229200.0,61901000.0
2025-10-31,09:43:34.000,860.15,860.65,1229200.0,61901000.0
2025-10-31,09:43:35.000,860.15,860.65,1229200.0,61901000.0
2025-10-31,09:43:36.000,860.15,860.65,1229200.0,61901000.0
2025-10-31,09:43:37.000,860.15,860.65,1229200.0,61901000.0
2025-10-31,09:43:38.000,860.15,860.65,1229200.0,61901000.0
2025-10-31,09:43:39.000,860.15,860.65,1229200.0,61901000.0
2025-10-31,09:43:40.000,860.15,860.65,1229200.0,61901000.0
2025-10-31,09:43:41.000,860.15,860.65,1229200.0,61901000.0
2025-10-31,09:43:42.000,860.15,860.65,1229200.0,61901000.0
2025-10-31,09:43:43.000,860.15,860.65,1229200.0,61901000.0
2025-10-31,09:43:44.000,860.25,860.6,1230600.0,61901000.0
2025-10-31,09:43:45.000,860.25,860.6,1230600.0,61901000.0
2025-10-31,09:43:46.000,860.25,860.6,1230600.0,61901000.0
2025-10-31,09:43:47.000,860.25,860.6,1230600.0,61901000.0
2025-10-31,09:43:48.000,860.25,860.6,1230600.0,61901000.0
2025-10-31,09:43:49.000,860.25,860.6,1230600.0,61901000.0
2025-10-31,09:43:50.000,860.25,860.6,1230600.0,61901000.0
2025-10-31,09:43:51.000,860.25,860.6,1230600.0,61901000.0
2025-10-31,09:43:52.000,860.25,860.6,1230600.0,61901000.0
2025-10-31,09:43:53.000,860.25,860.6,1230600.0,61901000.0
2025-10-31,09:43:54.000,860.25,860.6,1230600.0,61901000.0
2025-10-31,09:43:55.000,860.25,860.6,1230600.0,61901000.0
2025-10-31,09:43:56.000,860.25,860.6,1230600.0,61901000.0
2025-10-31,09:43:57.000,860.25,860.6,1230600.0,61901000.0
2025-10-31,09:43:58.000,860.25,860.6,1230600.0,61901000.0
2025-10-31,09:43:59.000,860.25,860.6,1230600.0,61901000.0
2025-10-31,09:44:00.000,860.25,860.6,1230600.0,61901000.0
2025-10-31,09:44:01.000,860.25,860.6,1230600.0,61901000.0
